1591 2556
160 88 243 128 102
739 86 869 120 LIBRI
893 86 926 120 V

246 184 296 224 X.
319 183 506 238 Suscipit
539 183 620 224 alia
653 183 746 238 ‘ego
773 197 874 224 uero
900 182 1102 223 maritum
1129 182 1344 224 articulari
1370 182 1499 224 etiam

157 243 306 284 morbo
339 243 638 297 complicatum
671 245 978 296 curuatumque
1005 256 1050 283 ac
1077 257 1152 296 per
1176 242 1258 283 hoc
1282 242 1500 283 rarissimo

157 317 355 344 uenerem
386 317 523 343 meam
555 301 810 343 recolentem
843 301 1053 355 sustineo,
1084 301 1334 355 plerumque
1367 301 1501 342 detor-

157 364 226 402 tos
258 364 300 402 et
332 362 503 402 duratos
536 361 579 401 in
610 360 793 414 lapidem
826 360 984 414 digitos
1022 360 1113 401 eius
1155 360 1405 414 perfricans,
1441 359 1502 400 fo-

157 421 314 462 mentis
353 421 477 462 olidis
522 423 564 461 et
595 420 746 473 pannis
788 419 969 460 sordidis
1013 423 1055 460 et
1092 419 1261 461 faetidis
1299 418 1501 473 cataplas-
1538 435 1555 462 5

157 480 345 521 matibus
370 494 520 520 manus
546 482 633 519 tam
666 478 866 519 delicatas
898 478 1003 519 istas
1036 478 1228 533 adurens,
1253 493 1330 520 nec
1355 477 1501 519 uxoris

159 538 393 580 officiosam
437 538 589 579 faciem
633 538 706 578 sed
750 537 935 578 medicae
978 537 1234 579 laboriosam
1277 551 1503 592 personam

159 598 384 638 sustinens.
445 600 486 638 et
524 599 570 638 tu
604 596 773 651 quidem
812 611 934 637 soror
964 596 1135 651 uideris,
1167 611 1293 651 quam
1324 595 1505 650 patienti

159 657 228 698 uel
259 657 403 710 potius
436 656 580 698 seruili
600 681 658 684 —
679 655 813 696 dicam
846 656 958 696 enim
990 655 1121 697 libere
1155 655 1268 710 quod
1293 655 1429 696 sentio
1447 679 1506 684 —

159 715 261 757 haec
292 716 479 770 perferas
512 716 663 756 animo.
716 715 827 755 enim
859 729 960 756 uero
993 728 1071 769 ego
1104 729 1267 769 nequeo
1294 714 1503 756 sustinere
1524 733 1539 756 1

159 775 338 816 ulterius
371 778 458 815 tam
490 775 657 816 beatam
688 774 905 815 fortunam
945 773 1139 815 collatam
1178 774 1387 828 indignae.
1443 787 1505 814 re-

160 834 332 875 cordare
359 834 470 875 enim
503 849 629 888 quam
656 833 848 887 superbe,
874 848 1001 887 quam
1016 833 1270 888 adroganter
1283 832 1507 874 nobiscum

160 894 295 948 egerit
321 896 363 934 et
388 893 481 947 ipsa
500 893 726 934 iactatione
754 892 988 933 inmodicae
1016 892 1314 934 ostentationis
1344 894 1506 932 tumen-

160 955 247 993 tem
297 967 421 993 suum
470 952 705 1006 prodiderit
754 952 943 992 animum
988 951 1121 1006 deque
1166 951 1297 992 tantis
1342 950 1506 991 diuitiis

161 1012 315 1066 exigua
346 1011 469 1052 nobis
501 1011 638 1052 inuita
669 1011 895 1064 proiecerit
926 1010 1234 1065 confestimque
1266 1009 1507 1064 praesentia
1526 1027 1541 1051 1
1586 1012 1591 1046 l

160 1074 307 1111 nostra
338 1073 515 1125 grauata
545 1070 726 1124 propelli
759 1073 800 1111 et
832 1070 967 1111 efflari
993 1070 1295 1124 exsibilarique
1321 1083 1398 1110 nos
1425 1068 1508 1109 ius·

161 1130 275 1171 serit.
320 1144 397 1171 nec
423 1144 517 1170 sum
542 1128 696 1170 mulier
721 1144 798 1170 nec
825 1129 997 1170 omnino
1024 1129 1152 1183 spiro,
1183 1129 1268 1170 nisi
1294 1143 1386 1169 eam
1416 1142 1508 1182 pes-

162 1203 257 1229 sum
296 1189 345 1230 de
383 1189 515 1229 tantis
557 1189 709 1242 opibus
742 1188 943 1229 deiecero.
1006 1202 1053 1229 ac
1091 1188 1127 1228 si
1159 1188 1239 1229 tibi
1273 1187 1419 1240 etiam,
1461 1189 1511 1227 ut

161 1263 238 1302 par
271 1251 346 1302 est,
378 1248 539 1289 inacuit
570 1250 716 1288 nostra
747 1247 1020 1301 contumelia,
1064 1247 1288 1288 consilium
1320 1245 1509 1287 ualidum

162 1307 428 1361 requiramus
467 1307 624 1348 ambae.
687 1307 855 1361 iamque
895 1307 996 1359 ista,
1040 1320 1145 1360 quae
1188 1305 1384 1359 ferimus,
1424 1319 1544 1346 non-2

163 1367 412 1421 parentibus
444 1367 603 1408 nostris
636 1381 682 1406 ac
714 1380 791 1407 nec
828 1365 906 1407 ulli
939 1368 1224 1406 monstremus
1257 1364 1347 1418 alii,
1379 1364 1510 1405 immo

163 1440 240 1466 nec
281 1426 453 1467 omnino
499 1425 726 1480 quicquam
771 1425 820 1465 de
865 1425 955 1465 eius
1000 1424 1136 1465 salute
1179 1424 1382 1466 norimus.
1445 1424 1512 1464 sat

166 1485 226 1540 [p.
249 1484 404 1539 8511]
444 1488 508 1526 est
546 1485 659 1538 quod
696 1484 812 1538 ipsae
855 1484 1040 1524 uidimus
1085 1498 1191 1537 quae
1228 1483 1386 1524 uidisse
1416 1496 1511 1536 pae-

164 1544 291 1597 nitet,
334 1544 489 1585 nedum
527 1547 575 1584 ut
613 1543 876 1598 genitoribus
917 1546 960 1584 et
991 1542 1188 1583 omnibus
1219 1541 1390 1596 populis
1421 1544 1511 1581 tam

165 1603 338 1644 beatum
377 1603 485 1658 eius?
512 1603 756 1643 differamus
792 1602 1078 1656 praeconium.
1145 1616 1221 1643 nec
1260 1604 1360 1642 sunt
1399 1600 1548 1641 enim2
1586 1602 1591 1629 ¹

166 1661 282 1703 beati
320 1663 500 1716 quorum
543 1661 713 1702 diuitias
752 1676 875 1702 nemo
907 1661 1039 1702 nouit.
1108 1660 1212 1701 sciet
1247 1675 1291 1701 se
1327 1674 1413 1700 11011
1445 1674 1514 1699 an·
1590 1659 1591 1664 ’

169 1721 287 1763 cillas
332 1721 406 1762 sed
447 1735 612 1762 sorores
655 1720 810 1762 habere
854 1720 1046 1761 maiores
1109 1722 1151 1760 et
1188 1734 1300 1760 nunc
1344 1717 1515 1773 quidem

172 1781 450 1822 concedamus
490 1780 542 1821 ad
573 1780 749 1821 maritos
791 1782 832 1821 et
862 1780 971 1820 lares
1003 1793 1210 1833 pauperes
1242 1781 1411 1819 nostros
1443 1776 1516 1818 sed

170 1840 295 1894 plane
328 1840 492 1880 sobrios
531 1840 767 1880 reuisamus
807 1839 999 1893 domique
1038 1837 1371 1893 cogitationibus
1402 1850 1514 1890 pres-

833 1940 899 1957 com

270 1972 286 2000 1
316 1967 431 2002 etiam
456 1969 554 2002 delet.
585 1969 622 2001 ἰη
647 1967 674 2001 F
785 1971 804 2000 2
847 1966 1081 2011 puplicatum
1107 1979 1134 2009 φ
1167 1967 1269 2010 (corr.
1296 1966 1447 2008 foemsse
1471 1975 1516 1998 m.

173 2015 373 2059 serzfflorz’s)
470 2019 489 2048 3
521 2014 665 2049 Venere
697 2025 755 2049 me
786 2014 1011 2048 recolentem
1043 2013 1175 2057 Haupt
1277 2016 1297 2045 5
1329 2010 1458 2059 fetidis
1489 2010 1518 2044 F

176 2066 194 2096 Τ
230 2062 421 2096 medicem
457 2063 649 2107 (posterior
674 2073 693 2096 e
721 2064 759 2096 *in
787 2073 856 2096 ras.
883 2073 949 2096 scr.
976 2073 1020 2095 m.
1051 2061 1094 2103 r.)
1125 2059 1153 2093 F
1196 2058 1341 2094 medica,
1367 2061 1409 2103 (“
1433 2058 1517 2093 add.

174 2111 278 2153 mr.)
311 2111 348 2143 et
373 2109 601 2143 laboriosam
628 2110 687 2153 φὸ
785 2113 827 2142 11
855 2108 1033 2143 collatam
1058 2107 1159 2152 Lips.
1186 2108 1231 2149 cf.
1254 2109 1360 2149 27,8,
1382 2108 1459 2140 118.
1475 2108 1519 2138 20

177 2155 383 2201 collapsam
413 2158 491 2191 cdd.
538 2157 591 2200 Cf.
624 2162 656 2191 et
688 2160 821 2191 206.11
932 2159 976 2189 17
1016 2154 1112 2199 spire
1145 2167 1172 2198 φ
1199 2155 1251 2198 (re
1276 2165 1341 2188 scr.
1368 2164 1412 2187 m.
1437 2152 1520 2196 rec.)

179 2231 234 2261 23.
250 2231 294 2261 24
331 2227 501 2272 paenitet
525 2229 656 2272 scripsi
684 2226 872 2271 paenituit
897 2228 974 2261 cdd.
1072 2229 1117 2260 24
1141 2209 1279 2259 Πὲἀωῃ
1305 2237 1332 2268 φ
1363 2222 1522 2258 necdum

178 2275 238 2309 F&
335 2278 378 2309 25
411 2274 620 2309 deferamus
653 2276 707 2318 dg
804 2277 847 2308 29
881 2273 1053 2317 domique
1084 2273 1214 2316 scripsi
1258 2270 1394 2315 diuque
1425 2269 1522 2314 Fcpg

182 2321 341 2366 denique
368 2323 389 2356 δ
428 2321 589 2366 donique
616 2323 713 2357 Jahn
