1591 2556
125 97 151 137 2
159 97 211 138 16
667 98 794 132 LIBRI
819 98 922 133 VIIH

127 194 333 235 culentiae
377 195 562 236 hominis
607 194 906 249 [nutrimento]
950 194 1044 236 fuit.
1107 194 1274 247 iamque
1313 193 1365 234 ad
1402 208 1468 235 ex-

126 256 304 294 tremam
336 254 543 295 insaniam
571 268 744 294 uaecors
770 254 1043 308 suspendium
1071 267 1161 294 sese
1188 254 1230 293 et
1254 252 1357 293 totis
1382 252 1468 294 illis

127 312 184 366 [p.
202 312 379 367 177.E.]
413 316 455 354 et
486 312 591 366 ipsis
619 311 786 367 legibus
812 313 1010 353 mandare
1036 311 1314 366 proclamans,
1345 326 1468 353 canes

125 372 377 424 pastoricios
414 371 645 425 uillatioos,
688 372 800 413 feros
842 375 967 426 atque
1006 372 1228 424 immanes,
1272 370 1468 412 adsuetos

126 430 290 472 abiecta
328 446 404 485 per
445 444 570 485 agros
609 431 778 472 essitare
820 431 1040 484 cadauera,
1085 433 1302 483 praeterea
1339 429 1467 470 etiam

124 491 436 531 transeuntium
483 490 695 530 uiatorum
736 491 917 544 passienis
960 489 1173 531 morsibus
1218 488 1468 542 alumnatoso

124 548 259 590 laxari
286 552 411 603 atque
438 549 481 589 in
508 563 653 590 eorum
680 549 857 589 exitium
884 549 1124 590 inhortatos
1150 547 1325 588 immitti
1351 561 1467 601 prae-

126 608 239 661 cipit.
304 608 376 662 qui
415 608 543 648 simul
580 607 702 662 signo
735 607 860 649 solito
899 610 1119 662 pastorum
1151 606 1311 647 incensi
1343 609 1469 660 atque

125 667 376 708 inflammati
421 669 537 720 sunt,
587 667 748 707 furiosa
791 667 905 707 rabie
957 666 1110 708 conciti
1154 668 1196 706 et
1242 665 1469 706 latratibus

125 726 252 767 etiam
280 726 450 767 absonis
476 725 703 766 horribiles
730 729 832 767 eunt
863 726 906 766 in
932 726 1126 766 homines
1152 739 1307 778 eosque
1339 724 1469 765 uariis

127 786 316 840 adgressi
347 785 597 826 uulneribus
631 784 874 826 distrahunt
906 800 951 825 ac
978 785 1176 838 lacerant,
1206 798 1283 825 nec
1307 783 1468 838 fugien-

124 845 240 885 tibus
273 845 423 886 saltem
455 847 729 898 compescunt
761 844 834 885 sed
869 859 917 885 eo
949 844 1086 898 magis
1117 842 1378 884 inritatiores
1410 856 1469 883 se-

125 907 288 944 cuntur.
350 901 568 944 XXXVII.
606 906 707 943 tunc
739 903 849 943 inter
882 903 1113 943 confertam
1146 902 1334 956 trepidae
1365 901 1470 942 mul-

123 963 320 1003 titudinis
353 966 539 1017 stragem
573 977 593 1002 e
627 962 764 1002 tribus
797 962 948 1015 iunior,
981 962 1140 1002 offenso
1172 961 1311 1014 lapide
1343 963 1470 1014 atque

124 1022 319 1062 obtunsis
352 1021 517 1076 digitis7
555 1023 691 1061 terrae
729 1021 1014 1074 prosternitur
1051 1020 1272 1074 saeuisque
1305 1019 1390 1060 illis
1423 1034 1470 1060 ac

124 1081 397 1121 ferocissimis
425 1080 600 1121 canibus
627 1079 801 1119 instruit
826 1079 1031 1119 nefariam
1059 1079 1219 1132 dapem.
1266 1081 1469 1132 protenus

125 1140 235 1180 enim
270 1140 415 1180 nancti
452 1139 650 1193 praedam
688 1138 895 1179 iacentem
933 1138 1135 1179 miserum
1173 1137 1294 1178 illum
1332 1137 1469 1178 adule-

124 1202 310 1240 scentem
350 1198 568 1239 frustatim
607 1197 860 1251 discerpunt.
924 1200 1050 1251 atque
1088 1199 1136 1237 ut
1174 1196 1264 1237 eius
1299 1196 1470 1237 letalem

123 1258 334 1299 ululatum
379 1271 614 1312 cognouere
659 1256 787 1297 ceteri
830 1256 1002 1309 fratres,
1052 1258 1277 1297 accurrunt
1319 1255 1470 1296 maesti

124 1318 340 1371 suppetias
374 1316 673 1369 obuolutisque
704 1315 857 1356 lacinia
888 1315 1020 1355 laeuis
1052 1315 1248 1355 manibus
1280 1314 1469 1369 lapidum

124 1377 282 1418 crebris
314 1376 494 1417 iactibus
527 1388 795 1429 propugnare
827 1374 949 1414 fratri
982 1377 1107 1428 atque
1146 1374 1315 1428 abigere
1347 1388 1469 1414 canes

124 1436 440 1490 adgrediuntur.
490 1449 566 1475 nec
592 1436 734 1474 tamen
761 1448 906 1474 eorum
932 1433 1133 1474 ferociam
1160 1432 1229 1474 uel
1254 1434 1469 1474 continere

123 1495 192 1536 uel
225 1508 466 1549 expugnare
499 1496 686 1547 potuere,
720 1492 876 1546 quippe
908 1506 1003 1532 cum
1035 1492 1298 1532 miserrimus
1331 1491 1468 1532 adule-

124 1569 244 1595 scens
276 1554 427 1594 ultima
458 1567 561 1593 uoce
592 1551 769 1605 prolata,
804 1551 1068 1591 uindicarent
1100 1550 1149 1592 de
1180 1550 1467 1604 pollutissimo

123 1614 255 1654 diuite
287 1615 468 1653 mortem
499 1611 644 1651 fratris
672 1610 862 1663 iunioris,
896 1609 993 1651 ilico
1019 1610 1203 1650 laniatus
1241 1609 1466 1650 interisset.

122 1675 224 1714 tunc
255 1672 409 1725 reliqui
439 1671 592 1712 fratres
624 1684 709 1709 non
747 1672 833 1709 tan]
868 1668 1061 1710 hercules
1094 1669 1313 1722 desperata
1342 1683 1467 1722 quam

122 1732 235 1773 ultro
265 1731 457 1785 neglecta
489 1744 565 1770 sua
597 1728 731 1769 salute
759 1728 1018 1769 contendunt
1050 1728 1102 1768 ad
1134 1728 1310 1768 diuitem
1342 1730 1468 1781 atque

123 1791 368 1832 ardentibus
401 1789 552 1829 animis
585 1788 830 1841 impetuque
863 1801 1044 1828 uaesano
1070 1787 1283 1841 lapidibus
1311 1786 1467 1828 crebris

122 1852 166 1892 in
210 1865 305 1892 eum
347 1848 590 1889 uelitantur.
653 1849 695 1886 at
739 1846 808 1886 ille
854 1849 1051 1887 cruentus
1096 1849 1138 1886 et
1180 1846 1326 1887 multis
1371 1847 1466 1886 ante

121 1910 296 1963 flagitiis
330 1907 540 1948 similibus
579 1906 833 1947 exercitatus
872 1920 1095 1959 percussor
1133 1905 1286 1946 iniecta
1322 1904 1466 1945 lancea

220 2040 235 2070 1
264 2035 524 2081 [nutrimento]
545 2035 667 2069 seclus.
685 2033 810 2067 Rohde
890 2036 910 2066 5
932 2033 1085 2067 essitare
1105 2033 1235 2077 scripsi
1260 2031 1418 2066 essicare
1437 2032 1465 2066 F

122 2084 307 2119 exsiccare
328 2097 356 2127 φ
383 2081 518 2116 esitare
533 2081 573 2115 E.
600 2082 644 2124 cf.
663 2083 795 2115 191.3Ο
870 2083 889 2113 6
909 2080 1069 2124 passiuis
1087 2080 1183 2115 Θυῖα.
1210 2078 1349 2123 passib3
1369 2079 1467 2123 Ὲφὸ

121 2130 273 2166 lasciuis
287 2130 327 2165 E.
343 2131 387 2173 cf.
400 2133 477 2163 145.
496 2132 602 2172 12,st
663 2131 723 2162 ⁷118
749 2126 869 2172 pcipit
882 2126 928 2160 F1
953 2126 1144 2171 praecepit
1162 2126 1254 2160 F2E.
1319 2130 1362 2160 16
1382 2137 1465 2171 pro-

120 2181 229 2213 tenus
255 2178 282 2211 F
315 2178 359 2220 cf.
389 2180 466 2210 108.
489 2180 527 2219 93
556 2179 632 2209 170.
658 2180 693 2219 13
722 2179 800 2209 181.
822 2178 866 2208 17
989 2177 1102 2209 17.18
1136 2173 1411 2208 adolescentem
1436 2173 1465 2207 F

122 2230 165 2260 19
205 2235 389 2270 agnouere
427 2225 481 2267 dg
626 2226 669 2256 ‘22
705 2220 904 2278 ιορξιξίῆἰιρθῑθ
946 2223 1075 2266 scripsi
1117 2223 1306 2255 conterere
1344 2221 1408 2265 qu
1422 2220 1463 2255 E.

121 2286 282 2330 cot'gere
315 2286 336 2318 δ
457 2286 499 2317 25
538 2281 664 2316 fratris
699 2285 841 2327 iniere
867 2280 1022 2315 iunioris
1061 2294 1088 2325 φ
1210 2284 1252 2314 26
1293 2280 1464 2324 despera-

120 2335 198 2367 tam
224 2332 309 2375 F¹qo

1489 740 1523 764 10

1490 1033 1523 1059 15

1489 1328 1523 1352 20

1487 1610 1581 1649 π’

1485 1920 1520 1945 30
