1591 2556
638 84 738 119 CAP.
764 85 913 134 [II-‚Vl
1392 85 1443 125 71

109 196 175 223 me
206 196 380 236 prorsus
412 181 698 223 exanimatum
737 195 784 222 ac
816 181 997 222 debilem
1029 182 1182 223 mereri
1213 182 1443 223 causariam

109 241 371 295 missionem,
415 243 524 282 certe
567 239 754 281 latrones
798 240 954 294 partim
997 240 1249 293 inpatientia
1293 256 1446 294 morae,

113 300 263 353 partim
307 300 447 341 studio
489 299 713 340 festinatae
756 298 899 353 fugae,
949 299 1064 340 dorsi
1113 300 1196 340 mei
1241 300 1446 341 sarcinam

113 359 272 400 duobus
299 358 448 400 ceteris
473 358 673 399 iumentis
700 358 1012 399 distributuros
1035 372 1186 412 meque
1213 358 1256 398 in
1284 359 1446 400 altioris

77 436 92 461 5
113 418 319 459 uindictae
351 417 488 459 uicem
520 417 632 471 lupis
671 420 713 458 et
743 417 944 458 uulturiis
983 417 1181 475 praedam
1214 416 1447 459 relicturos.

56 732 90 756 10

56 1026 88 1051 15

50 1614 84 1639 25

112 475 161 517 V.
208 476 281 517 sed
318 479 405 517 tam
442 468 601 517 bellum
640 475 864 517 consilium
902 491 1043 517 meum
1083 476 1318 530 praeuertit
1357 492 1448 518 sors

111 534 342 576 deterrima.
375 535 431 590 [p.
444 535 594 589 59.E.]
621 550 802 589 namque
835 535 905 576 ille
933 535 1041 576 alius
1068 536 1224 588 asinus,
1257 535 1445 576 diuinato

110 596 152 634 et
191 598 410 649 antecapto
449 609 542 635 meo
576 594 777 649 cogitatu,
810 595 956 635 statim
989 609 1033 635 se
1066 595 1244 635 mentita
1282 594 1447 636 lassitu-

110 652 205 694 dine
247 668 342 694 cum
386 653 511 695 rebus
556 653 708 694 offudit
749 654 972 708 iacensque
1017 654 1061 694 in
1104 656 1333 708 mortuum,
1363 668 1449 694 11011

109 712 290 753 stimulis
322 727 368 753 ac
406 728 457 754 ne
489 712 620 760 cauda
658 715 700 753 et
732 712 904 754 auribus
943 712 1220 767 cruribusque
1261 713 1448 767 undique

108 784 272 812 sursum
323 771 511 813 eleuatus
561 772 789 826 temptauit
832 785 1053 827 exurgere,
1092 772 1231 826 quoad
1280 772 1449 813 tandem

109 830 302 883 <sat'e'yati
320 831 385 885 ct>
404 834 623 884 postumae
644 831 735 884 spei
759 830 951 872 frustrati
972 845 1198 885 secumque
1226 831 1450 885 conlocuti,

108 903 160 930 ne
191 891 276 930 tam
308 889 380 930 diu
412 892 580 931 mortuo
613 890 743 931 immo
775 904 876 931 uero
908 889 1075 944 lapideo
1108 890 1227 931 asino
1267 890 1449 931 seruien-

108 951 171 989 tes
221 948 363 1003 fugam
414 952 699 1002 morarentur,
749 949 924 990 sarcinis
970 949 1060 990 eius
1103 949 1210 990 mihi
1258 964 1449 1004 equoque

109 1007 365 1062 distributis,
406 1008 604 1050 destricto
637 1008 778 1063 gladio
820 1008 1004 1062 poplites
1036 1009 1125 1050 eius
1158 1011 1272 1049 totos
1306 1023 1449 1062 ampu-

107 1069 210 1107 tant.
274 1081 319 1107 ac
359 1067 579 1121 paululum
620 1082 644 1107 a
687 1067 758 1108 uia
797 1071 1027 1108 retractum
1072 1083 1147 1122 per
1190 1067 1448 1108 altissimum

106 1139 304 1179 praeceps
341 1126 384 1166 in
421 1126 576 1167 uallem
614 1126 852 1180 proximam
891 1127 1019 1167 etiam
1060 1141 1170 1168 nunc
1216 1127 1449 1180 spirantem

105 1184 394 1238 praecipitant.
457 1188 559 1226 tunc
598 1199 675 1239 ego
713 1186 858 1226 miseri
898 1185 1201 1227 commilitonis
1233 1185 1449 1226 fortunam

110 1243 301 1297 cogitans
334 1244 462 1285 statui
495 1244 579 1284 iam
611 1243 720 1285 dolis
753 1244 928 1285 abiectis
962 1247 1003 1286 et
1034 1244 1255 1286 fraudibus
1283 1245 1449 1286 asinum

54 1322 69 1345 2
108 1316 175 1342 me
200 1302 335 1343 bonae
366 1302 480 1357 frugi
513 1302 694 1344 dominis
727 1303 937 1344 exhibere.
1000 1319 1097 1345 nam
1130 1306 1172 1345 et
1204 1318 1346 1345 secum
1379 1318 1449 1345 eos

108 1361 486 1402 animaduerteram
519 1361 839 1416 conloquentes,
878 1362 990 1416 quod
1021 1363 1065 1404 in
1096 1363 1292 1416 proximo
1324 1363 1448 1404 nobis

106 1423 216 1461 esset
252 1419 444 1461 habenda
481 1421 644 1462 mansio
683 1424 725 1462 et
762 1421 896 1462 totius
939 1421 1034 1463 uiae
1065 1422 1162 1462 finis
1203 1422 1345 1476 quieta
1385 1436 1449 1463 eo-

105 1493 284 1533 rumque
316 1482 426 1521 esset
457 1480 576 1521 sedes
610 1479 682 1520 illa
708 1483 750 1521 et
774 1479 996 1521 habitatio.
1042 1480 1239 1522 clementi
1266 1481 1448 1535 denique

105 1537 354 1579 transmisso
394 1538 550 1580 cliuulo
588 1539 860 1592 peruenimus
901 1540 954 1580 ad
990 1539 1131 1581 locum
1176 1540 1447 1593 destinatum,

105 1596 178 1638 ubi
203 1597 329 1638 rebus
354 1598 456 1638 totis
489 1597 694 1639 exsolutis
722 1601 848 1652 atque
875 1598 989 1640 intus
1016 1599 1210 1653 conditiS,
1236 1599 1320 1640 iam
1346 1614 1447 1653 pon-

107 1655 202 1697 dere
233 1656 437 1697 liberatus
469 1656 763 1698 lassitudinem
796 1658 887 1699 uice
919 1658 1077 1700 lauacri
1109 1658 1298 1712 pulueris
1331 1658 1449 1699 uolu-

105 1715 266 1756 tatibus
299 1715 552 1770 digerebam.

196 1846 213 1876 1
230 1853 300 1886 pro
318 1843 451 1877 mereri
465 1864 511 1868 ——
524 1843 738 1878 missionem
758 1845 889 1890 chitur
907 1846 947 1879 in
967 1846 1022 1890 &g
1048 1845 1211 1880 debilem
1229 1844 1341 1879 morti
1368 1856 1447 1878 suc-

104 1889 291 1933 cumbere3
314 1890 459 1925 causari
478 1890 753 1925 ammissionem
771 1891 872 1935 Flzpl
944 1896 974 1927 7.
991 1896 1011 1926 8
1034 1892 1202 1927 diuinato
1218 1913 1262 1916 —
1277 1891 1446 1937 cogitatu

104 1947 170 1971 om,
186 1949 214 1980 φ
239 1938 281 1971 in
306 1949 349 1972 m.
370 1939 554 1982 suppleuit
578 1939 655 1972 alia
674 1950 719 1973 m.
793 1943 814 1973 8
841 1950 879 1974 se
904 1939 1063 1974 mentita
1088 1941 1179 1975 Bsn.
1207 1939 1359 1974 seffitita
1384 1939 1412 1973 F
1421 1953 1448 1982 φ

104 2017 165 2059 ere
189 2007 348 2042 mentita
369 2009 444 2042 Pet.
519 2012 539 2042 9
566 2007 700 2043 offudit
719 2010 810 2044 Bsn.
839 1989 972 2045 offudit
998 2011 1025 2044 F
1069 1988 1234 2045 offundi-i·
1260 2019 1290 2054 φ
1335 2009 1449 2045 effun-

107 2054 208 2088 ditur
233 2056 255 2088 δ
282 2054 485 2090 offunditur
504 2055 533 2089 E
605 2058 752 2090 mortuil
778 2056 888 2102 F²ag
912 2058 1049 2092 mortui
1075 2058 1156 2103 Flcp
1183 2057 1223 2092 in
1243 2057 1449 2105 (modum)

105 2101 243 2136 mortui
279 2102 399 2147 Luetj.
444 2102 608 2137 inmotus
645 2103 736 2138 Bsn.
866 2109 907 2139 11
948 2117 1092 2139 sursum
1129 2106 1260 2150 scripsi
1301 2115 1450 2139 uersum

103 2149 182 2183 cdd.
274 2149 443 2184 eleuatus
468 2150 560 2184 Bsn.
588 2149 745 2184 eleuatis
772 2152 848 2186 cdd.
947 2163 1124 2198 exurgere
1150 2153 1197 2186 13¹¹
1295 2155 1337 2186 12
1363 2150 1450 2185 fati-

103 2195 185 2239 gati
224 2195 317 2242 (et)
353 2198 548 2241 postumae
585 2196 665 2241 spei
704 2197 929 2246 (frustrati)
967 2201 1098 2244 scripsi
1134 2202 1330 2245 postumae
1369 2198 1449 2243 spei

103 2241 256 2287 fatigati
288 2245 365 2278 cdd.
489 2248 530 2278 15
565 2243 743 2279 destricto
768 2247 899 2291 scripsi
929 2248 972 2290 cf.
1000 2249 1050 2282 ad
1073 2251 1130 2282 40.
1146 2251 1188 2281 27
1224 2245 1394 2280 districto
1421 2245 1448 2279 F

106 2316 148 2347 17
173 2300 345 2356 proximus
443 2317 486 2348 25
513 2314 706 2349 dissolutis
733 2324 763 2358 φ
