1591 2556
554 70 654 106 CAP.
681 70 863 104 XI——XIII
1327 70 1349 111 7
1357 70 1380 111 7

42 168 184 223 gulam
217 168 466 209 subductam
507 167 669 209 scilicet
707 167 862 207 iactare
903 166 1100 207 similiter
1138 167 1381 220 destinaret,

42 227 220 281 genibus
262 227 352 268 eius
395 226 568 281 profusa
611 226 671 267 sic
714 225 974 280 nequissima
1017 225 1090 266 illa
1135 226 1383 279 deprecatur

42 286 159 340 ‘quid
191 300 277 340 oro,
307 285 387 339 fili,
417 285 689 339 paupertinas
721 298 1015 338 pannosasque
1045 283 1206 325 reculas
1238 285 1382 326 miser-

40 345 170 386 rimae
202 359 306 385 anus
339 344 467 385 donas
500 344 652 385 uicinis
686 343 903 397 diuitibus,
936 358 1114 397 quorum
1141 342 1245 384 haec
1270 344 1381 385 fene-

39 407 128 445 stra
159 403 329 444 domum
361 403 567 457 prospicit
581 403 618 443 ἴθ’
657 417 739 457 quo
772 417 964 444 sermone
997 402 1148 443 callido
1182 402 1381 456 deceptus

38 466 132 503 astu
165 465 207 504 et
237 477 338 503 uera
370 477 475 516 quae
509 462 620 503 dicta
651 464 751 503 sunt
789 461 961 503 credens
993 461 1197 515 Alcimus7
1229 476 1380 502 uerens

38 522 200 562 scilicet
236 536 287 562 ne
320 524 361 562 et
393 536 457 575 ea,
502 536 607 575 quae
644 521 763 575 prius
800 521 974 562 miserat
1013 535 1202 574 quaeque
1234 523 1383 574 postea

37 581 244 622 missurus
272 580 328 634 [p.
342 580 492 634 64.E.]
519 580 640 634 foret,
672 594 756 621 non
783 580 908 621 sociis
935 579 1023 620 suis
1050 579 1124 620 sed
1148 580 1193 620 in
1219 579 1380 620 alienos

36 639 145 681 lares
177 640 260 680 iam
294 641 432 680 certus
465 640 619 680 erroris
645 639 841 693 abiceret⁷
874 639 1095 692 suspendit
1127 653 1170 680 se
1196 639 1383 680 fenestra

36 699 245 753 sagaciter
281 701 580 752 perspecturus
612 698 765 752 omnia,
802 698 1052 752 praesertim
1091 698 1241 739 domus
1286 698 1381 739 atti-

37 772 156 813 guae,
187 761 235 798 ut
267 757 429 799 dixerat
462 757 547 812 illa,
578 757 1099 809 fortunasarbitraturus.
1146 757 1259 811 quod
1286 772 1382 798 eum

36 819 207 858 strenue
250 816 419 870 quidem
459 817 531 858 sed
571 817 675 857 satis
719 816 941 870 inprouide
983 819 1207 857 conantem
1251 816 1381 857 senile

35 875 140 917 illud
185 875 348 916 facinus
387 890 628 929 quanquam
666 875 872 929 inualido,
913 876 1133 929 repentino
1166 878 1308 916 tamen
1341 878 1382 916 et

36 935 254 989 inopinato
281 934 419 988 pulsu,
445 937 665 976 nutantem
691 949 739 976 ac
764 935 995 989 pendulum
1023 937 1064 975 et
1090 935 1133 975 in
1153 937 1380 988 prospectu

36 993 226 1048 alioquin
258 994 487 1035 attonitum
519 1009 719 1048 praeceps
746 994 891 1049 inegit.
944 994 1016 1048 qui
1042 996 1209 1048 praeter
1241 993 1382 1034 altitu-

38 1053 179 1095 dinem
210 1053 385 1094 nimiam
418 1068 544 1107 super
576 1053 785 1107 quendam
823 1053 952 1094 etiam
990 1052 1283 1093 uastissimum
1324 1052 1380 1092 la-

35 1112 176 1165 pidem
213 1114 386 1165 propter
418 1112 623 1153 iacentem
656 1112 863 1165 recidens,
895 1112 1105 1165 perfracta
1138 1112 1380 1165 diffissaque

36 1174 149 1212 crate
182 1173 395 1212 costarum
427 1171 543 1211 riuos
582 1166 801 1225 sanguinis
840 1185 1016 1212 uomens
1055 1171 1201 1211 imitus
1239 1185 1379 1211 narra-

36 1230 175 1283 tisque
207 1230 330 1270 nobis
363 1244 468 1283 quae
501 1233 620 1284 gesta
652 1233 762 1283 sunt,
794 1244 879 1270 non
912 1230 983 1270 diu
1010 1230 1220 1270 cruciatus
1247 1230 1381 1270 uitam

37 1289 184 1330 euasit.
218 1304 343 1342 quem
362 1289 516 1342 prioris
538 1288 730 1342 exemplo
746 1288 987 1342 sepulturae
1003 1289 1207 1329 traditum
1224 1289 1380 1329 bonum

38 1351 273 1388 secutorem
304 1347 516 1388 Lamacho
550 1348 754 1388 dedimus.

123 1405 238 1447 XIII.
296 1406 414 1447 Tunc
452 1406 648 1447 orbitatis
687 1406 844 1460 duplici
886 1406 1011 1461 plaga
1050 1407 1173 1462 petiti
1212 1406 1380 1460 iamque

36 1465 257 1521 Thebanis
281 1465 500 1506 conatibus
531 1466 762 1507 abnuentes
788 1460 1252 1519 Plataeas'proizimam
1285 1480 1379 1506 con-

36 1522 274 1565 scendimus
295 1524 522 1565 ciuitatem.
556 1524 615 1565 ibi
629 1514 792 1565 Yamam
813 1524 1020 1566 celebrem
1041 1539 1168 1579 super
1195 1524 1378 1579 quodam

35 1583 296 1624 Demochare
316 1598 470 1624 munus
497 1584 660 1625 edituro
688 1584 987 1638 gladiatorium
1014 1583 1379 1638 deprehendimus,

37 1657 133 1683 nam
171 1643 238 1683 uir
276 1646 317 1683 et
358 1656 509 1697 genere
553 1643 780 1696 primarius
821 1646 863 1684 et
901 1643 1052 1697 opibus
1091 1643 1299 1697 plurimus
1339 1646 1380 1683 et

36 1701 290 1743 liberalitate
322 1702 573 1756 praecipuus
606 1702 733 1757 digno
778 1702 973 1743 fortunae
1015 1717 1114 1743 suae
1157 1701 1380 1756 splendore

37 1760 227 1814 publicas
247 1760 489 1814 uoluptates
515 1761 763 1802 instruebat.
798 1762 892 1815 quis
919 1763 1063 1802 tantus
1089 1761 1264 1815 ingenii,
1285 1761 1379 1815 quis

0 1851 1 1858 ,
37 1819 267 1873 facundiae,
288 1820 359 1874 qui
385 1819 574 1874 singulas
602 1821 761 1873 species
789 1823 1016 1874 apparatus
1046 1820 1263 1874 multiiugi
1290 1834 1382 1861 uer-

0 1972 1 1978 *
131 1940 150 1969 3
177 1935 319 1970 reculas
345 1937 473 1980 scripsi
504 1935 666 1970 resculas
693 1937 770 1971 edd.
798 1939 842 1980 cf.
871 1936 1021 1981 specula
1050 1940 1199 1980 100.24‚
1233 1936 1380 1971 diecula

0 1988 1 2030 ᾗ
40 1986 174 2017 102122.
290 1987 309 2017 9
337 1985 457 2017 certus
484 1983 511 2016 F
548 1985 601 2027 (ce
633 1996 676 2018 m.
703 1985 942 2028 rescripturus)
976 1985 998 2018 ὃ
1042 1983 1160 2018 uirtus
1194 1992 1224 2026 φ
1323 1996 1380 2017 su-

0 2039 1 2046 *
109 2038 123 2055 C
320 2039 357 2056 ne

40 2067 243 2109 spentaque
268 2064 429 2100 fecastra
456 2079 482 2109 φ
583 2069 692 2100 10.11
721 2065 876 2111 atting&
903 2080 930 2110 φ
1031 2071 1071 2100 12
1100 2067 1164 2100 sed
1195 2067 1284 2101 Oud.
1325 2068 1380 2100 set

40 2112 114 2146 Pet.
142 2115 179 2147 et
203 2114 281 2147 cdd.
381 2116 494 2147 1213
522 2112 637 2147 senile
662 2112 757 2147 illud
783 2113 927 2147 facinus
954 2114 1012 2148 F&
1048 2114 1113 2148 sed
1139 2115 1177 2148 et
1202 2113 1297 2147 illud
1323 2124 1380 2146 ra-

39 2160 98 2192 tus
125 2173 152 2203 φ
227 2163 266 2193 17
294 2162 445 2204 propter
470 2160 626 2194 Iuntina
663 2163 711 2204 13?
736 2161 813 2195 cdd.
850 2160 1031 2195 latentem
1057 2175 1084 2204 φ
1158 2161 1324 2195 recidens
1352 2160 1379 2192 F

40 2206 113 2249 (sed
131 2218 174 2240 m.
195 2209 312 2251 regor.)
340 2207 513 2241 decidens
541 2208 600 2250 φὸ
625 2208 669 2249 cf,
688 2210 815 2251 18.19;
838 2212 892 2242 78.
908 2212 951 2241 22
1039 2208 1181 2242 diffissa
1207 2208 1376 2242 Beroald.

42 2251 178 2287 diffusa
202 2254 279 2288 cdd.
308 2255 361 2298 (in
391 2266 416 2299 g
440 2254 523 2288 fusa
548 2255 572 2288 τ’.
599 2255 685 2298 ras.)
783 2258 827 2288 24
853 2255 1014 2299 quodam
1046 2257 1068 2289 ὃ
1101 2255 1288 2298 quondam
1314 2254 1378 2297 Fcp

41 2303 84 2333 26
114 2299 293 2344 plurimus
320 2302 444 2335 Rohde
470 2307 501 2336 et
526 2312 648 2345 πιααῃο
674 2310 704 2343 φ
736 2301 905 2346 pluribus
931 2302 1027 2344 qua
