<?xml version="1.0" encoding="UTF-8"?>
<!DOCTYPE html PUBLIC "-//W3C//DTD XHTML 1.0 Transitional//EN"
    "http://www.w3.org/TR/xhtml1/DTD/xhtml1-transitional.dtd">
<html xmlns="http://www.w3.org/1999/xhtml" xml:lang="en" lang="en">
 <head>
  <title>
</title>
<meta http-equiv="Content-Type" content="text/html;charset=utf-8" />
  <meta name='ocr-system' content='tesseract 3.04.00' />
  <meta name='ocr-capabilities' content='ocr_page ocr_carea ocr_par ocr_line ocrx_word'/>
</head>
<body>
  <div class='ocr_page' id='page_1' title='image "./metamorphoseonli00apuluoft/metamorphoseonli00apuluoft_0232.png"; bbox 0 0 1591 2556; ppageno 0'>
   <div class='ocr_carea' id='block_1_1' title="bbox 157 0 1579 128">
    <p class='ocr_par' dir='ltr' id='par_1_1' title="bbox 157 0 1579 128">
     <span class='ocr_line' id='line_1_1' title="bbox 157 0 1579 128; baseline -0.009 0"><span class='ocrx_word' id='word_1_1' title='bbox 157 87 239 128; x_wconf 86' lang='grc'>196</span> <span class='ocrx_word' id='word_1_2' title='bbox 700 87 828 122; x_wconf 85' lang='lat' dir='ltr'><strong>LIBRI</strong></span> <span class='ocrx_word' id='word_1_3' title='bbox 855 87 955 122; x_wconf 88' lang='lat' dir='ltr'>V1111</span> <span class='ocrx_word' id='word_1_4' title='bbox 1548 0 1579 123; x_wconf 39' lang='grc' dir='ltr'>ἢ</span> 
     </span>
    </p>
   </div>
   <div class='ocr_carea' id='block_1_2' title="bbox 153 183 1579 1894">
    <p class='ocr_par' dir='ltr' id='par_1_2' title="bbox 153 183 1579 532">
     <span class='ocr_line' id='line_1_2' title="bbox 154 183 1495 239; baseline 0.002 -16"><span class='ocrx_word' id='word_1_5' title='bbox 154 183 373 237; x_wconf 85' lang='lat' dir='ltr'>praeconis</span> <span class='ocrx_word' id='word_1_6' title='bbox 414 183 542 224; x_wconf 85' lang='lat' dir='ltr'>uenui</span> <span class='ocrx_word' id='word_1_7' title='bbox 584 183 797 224; x_wconf 90' lang='lat' dir='ltr'>subiciunt</span> <span class='ocrx_word' id='word_1_8' title='bbox 839 187 1082 239; x_wconf 80' lang='lat' dir='ltr'>septemque</span> <span class='ocrx_word' id='word_1_9' title='bbox 1123 185 1307 226; x_wconf 82' lang='lat' dir='ltr'>nummis</span> <span class='ocrx_word' id='word_1_10' title='bbox 1345 185 1495 239; x_wconf 87' lang='lat' dir='ltr'>carius,</span> 
     </span>
     <span class='ocr_line' id='line_1_3' title="bbox 156 242 1495 298; baseline 0.002 -16"><span class='ocrx_word' id='word_1_11' title='bbox 156 257 282 296; x_wconf 87' lang='lat' dir='ltr'>quam</span> <span class='ocrx_word' id='word_1_12' title='bbox 314 242 432 296; x_wconf 89' lang='lat' dir='ltr'>prius</span> <span class='ocrx_word' id='word_1_13' title='bbox 464 257 529 283; x_wconf 89' lang='lat' dir='ltr'>me</span> <span class='ocrx_word' id='word_1_14' title='bbox 563 246 879 296; x_wconf 85' lang='lat' dir='ltr'>comparauerat</span> <span class='ocrx_word' id='word_1_15' title='bbox 910 243 1125 297; x_wconf 80' lang='lat' dir='ltr'>Philebus,</span> <span class='ocrx_word' id='word_1_16' title='bbox 1158 244 1327 298; x_wconf 88' lang='lat' dir='ltr'>quidam</span> <span class='ocrx_word' id='word_1_17' title='bbox 1358 244 1495 298; x_wconf 88' lang='lat' dir='ltr'>pistor</span> 
     </span>
     <span class='ocr_line' id='line_1_4' title="bbox 154 301 1494 357; baseline 0.002 -16"><span class='ocrx_word' id='word_1_18' title='bbox 154 301 204 342; x_wconf 90' lang='lat' dir='ltr'>de</span> <span class='ocrx_word' id='word_1_19' title='bbox 236 301 430 355; x_wconf 80' lang='lat' dir='ltr'>proximo</span> <span class='ocrx_word' id='word_1_20' title='bbox 463 301 636 342; x_wconf 80' lang='lat' dir='ltr'>castello</span> <span class='ocrx_word' id='word_1_21' title='bbox 667 302 946 355; x_wconf 88' lang='lat' dir='ltr'>praestinauit</span> <span class='ocrx_word' id='word_1_22' title='bbox 978 302 1256 357; x_wconf 75' lang='lat' dir='ltr'>protinusque</span> <span class='ocrx_word' id='word_1_23' title='bbox 1281 302 1494 344; x_wconf 85' lang='lat' dir='ltr'>frumento</span> 
     </span>
     <span class='ocr_line' id='line_1_5' title="bbox 153 360 1567 416; baseline 0.001 -15"><span class='ocrx_word' id='word_1_24' title='bbox 153 361 241 401; x_wconf 73' lang='lat' dir='ltr'>iam</span> <span class='ocrx_word' id='word_1_25' title='bbox 273 363 436 401; x_wconf 89' lang='lat' dir='ltr'>coemto</span> <span class='ocrx_word' id='word_1_26' title='bbox 469 360 644 401; x_wconf 82' lang='lat' dir='ltr'>adfatim</span> <span class='ocrx_word' id='word_1_27' title='bbox 676 364 875 402; x_wconf 88' lang='lat' dir='ltr'>onustum</span> <span class='ocrx_word' id='word_1_28' title='bbox 908 376 982 415; x_wconf 89' lang='lat' dir='ltr'>per</span> <span class='ocrx_word' id='word_1_29' title='bbox 1014 361 1093 403; x_wconf 89' lang='lat' dir='ltr'>iter</span> <span class='ocrx_word' id='word_1_30' title='bbox 1125 361 1301 403; x_wconf 90' lang='lat' dir='ltr'>arduum</span> <span class='ocrx_word' id='word_1_31' title='bbox 1330 362 1494 416; x_wconf 89' lang='lat' dir='ltr'>scrupis</span> <span class='ocrx_word' id='word_1_32' title='bbox 1562 407 1567 413; x_wconf 86' lang='lat'><em>.</em></span> 
     </span>
     <span class='ocr_line' id='line_1_6' title="bbox 154 419 1579 475; baseline 0.002 -16"><span class='ocrx_word' id='word_1_33' title='bbox 154 422 197 460; x_wconf 90' lang='lat' dir='ltr'>et</span> <span class='ocrx_word' id='word_1_34' title='bbox 227 419 508 460; x_wconf 79' lang='lat' dir='ltr'>cuiuscemodi</span> <span class='ocrx_word' id='word_1_35' title='bbox 547 419 751 473; x_wconf 71' lang='lat' dir='ltr'>stirpibus</span> <span class='ocrx_word' id='word_1_36' title='bbox 788 420 990 461; x_wconf 86' lang='lat' dir='ltr'>infestum</span> <span class='ocrx_word' id='word_1_37' title='bbox 1028 420 1080 461; x_wconf 90' lang='lat' dir='ltr'>ad</span> <span class='ocrx_word' id='word_1_38' title='bbox 1117 421 1343 474; x_wconf 88' lang='lat' dir='ltr'>pistrinum</span> <span class='ocrx_word' id='word_1_39' title='bbox 1383 421 1496 475; x_wconf 90' lang='lat' dir='ltr'>quod</span> <span class='ocrx_word' id='word_1_40' title='bbox 1533 437 1549 462; x_wconf 84' lang='lat'>5</span> <span class='ocrx_word' id='word_1_41' title='bbox 1574 427 1579 447; x_wconf 72' lang='lat'><strong>²</strong></span> 
     </span>
     <span class='ocr_line' id='line_1_7' title="bbox 155 478 609 532; baseline 0.002 -14"><span class='ocrx_word' id='word_1_42' title='bbox 155 479 375 519; x_wconf 78' lang='lat' dir='ltr'>exercebat</span> <span class='ocrx_word' id='word_1_43' title='bbox 407 478 609 532; x_wconf 79' lang='lat' dir='ltr'>perducit.</span> 
     </span>
    </p>

    <p class='ocr_par' dir='ltr' id='par_1_3' title="bbox 156 536 1574 1894">
     <span class='ocr_line' id='line_1_8' title="bbox 243 536 1496 591; baseline 0.002 -14"><span class='ocrx_word' id='word_1_44' title='bbox 243 536 315 577; x_wconf 84' lang='lat' dir='ltr'>XI.</span> <span class='ocrx_word' id='word_1_45' title='bbox 347 536 412 577; x_wconf 90' lang='lat' dir='ltr'>Ibi</span> <span class='ocrx_word' id='word_1_46' title='bbox 445 536 725 591; x_wconf 88' lang='lat' dir='ltr'>complurium</span> <span class='ocrx_word' id='word_1_47' title='bbox 759 538 1041 579; x_wconf 84' lang='lat' dir='ltr'>iumentorum</span> <span class='ocrx_word' id='word_1_48' title='bbox 1075 538 1261 579; x_wconf 88' lang='lat' dir='ltr'>multiuii</span> <span class='ocrx_word' id='word_1_49' title='bbox 1293 539 1496 580; x_wconf 81' lang='lat' dir='ltr'>circuitus</span> 
     </span>
     <span class='ocr_line' id='line_1_9' title="bbox 156 596 1496 651; baseline 0.001 -15"><span class='ocrx_word' id='word_1_50' title='bbox 156 596 457 650; x_wconf 79' lang='lat' dir='ltr'>intorquebant</span> <span class='ocrx_word' id='word_1_51' title='bbox 500 596 634 637; x_wconf 87' lang='lat' dir='ltr'>molas</span> <span class='ocrx_word' id='word_1_52' title='bbox 685 596 860 651; x_wconf 78' lang='lat' dir='ltr'>ambage</span> <span class='ocrx_word' id='word_1_53' title='bbox 906 598 1040 650; x_wconf 84' lang='lat' dir='ltr'>uaria,</span> <span class='ocrx_word' id='word_1_54' title='bbox 1090 612 1166 638; x_wconf 88' lang='lat' dir='ltr'>nec</span> <span class='ocrx_word' id='word_1_55' title='bbox 1209 597 1275 638; x_wconf 88' lang='lat' dir='ltr'>die</span> <span class='ocrx_word' id='word_1_56' title='bbox 1318 600 1496 651; x_wconf 89' lang='lat' dir='ltr'>tantum,</span> 
     </span>
     <span class='ocr_line' id='line_1_10' title="bbox 157 655 1496 710; baseline 0.002 -15"><span class='ocrx_word' id='word_1_57' title='bbox 157 669 306 695; x_wconf 87' lang='lat' dir='ltr'>uerum</span> <span class='ocrx_word' id='word_1_58' title='bbox 338 655 502 709; x_wconf 84' lang='lat' dir='ltr'>perpeti</span> <span class='ocrx_word' id='word_1_59' title='bbox 540 655 667 697; x_wconf 89' lang='lat' dir='ltr'>etiam</span> <span class='ocrx_word' id='word_1_60' title='bbox 705 659 827 697; x_wconf 89' lang='lat' dir='ltr'>nocte</span> <span class='ocrx_word' id='word_1_61' title='bbox 859 671 1031 710; x_wconf 88' lang='lat' dir='ltr'>prorsus</span> <span class='ocrx_word' id='word_1_62' title='bbox 1066 656 1256 697; x_wconf 82' lang='lat' dir='ltr'>instabili</span> <span class='ocrx_word' id='word_1_63' title='bbox 1286 655 1496 698; x_wconf 85' lang='lat' dir='ltr'>machina-</span> 
     </span>
     <span class='ocr_line' id='line_1_11' title="bbox 158 714 1552 770; baseline 0.003 -17"><span class='ocrx_word' id='word_1_64' title='bbox 158 728 252 754; x_wconf 87' lang='lat' dir='ltr'>rum</span> <span class='ocrx_word' id='word_1_65' title='bbox 296 714 506 769; x_wconf 84' lang='lat' dir='ltr'>uertigine</span> <span class='ocrx_word' id='word_1_66' title='bbox 550 714 829 755; x_wconf 84' lang='lat' dir='ltr'>lucubrabant</span> <span class='ocrx_word' id='word_1_67' title='bbox 872 715 1122 770; x_wconf 85' lang='lat' dir='ltr'>peruigilem</span> <span class='ocrx_word' id='word_1_68' title='bbox 1165 715 1356 756; x_wconf 88' lang='lat' dir='ltr'>farinam.</span> <span class='ocrx_word' id='word_1_69' title='bbox 1425 715 1498 757; x_wconf 89' lang='lat' dir='ltr'>sed</span> <span class='ocrx_word' id='word_1_70' title='bbox 1518 733 1552 758; x_wconf 86' lang='lat'>10</span> 
     </span>
     <span class='ocr_line' id='line_1_12' title="bbox 158 772 1498 828; baseline 0.002 -15"><span class='ocrx_word' id='word_1_71' title='bbox 158 772 275 826; x_wconf 90' lang='lat' dir='ltr'>mihi,</span> <span class='ocrx_word' id='word_1_72' title='bbox 303 775 407 827; x_wconf 74' lang='lat'>(726)</span> <span class='ocrx_word' id='word_1_73' title='bbox 429 773 738 815; x_wconf 87' lang='lat' dir='ltr'>erudimentum</span> <span class='ocrx_word' id='word_1_74' title='bbox 759 775 923 815; x_wconf 87' lang='lat' dir='ltr'>seruitii</span> <span class='ocrx_word' id='word_1_75' title='bbox 943 774 1304 828; x_wconf 85' lang='lat' dir='ltr'>perhorrescerem</span> <span class='ocrx_word' id='word_1_76' title='bbox 1325 774 1498 828; x_wconf 89' lang='lat' dir='ltr'>scilicet,</span> 
     </span>
     <span class='ocr_line' id='line_1_13' title="bbox 159 832 1498 887; baseline 0.001 -15"><span class='ocrx_word' id='word_1_77' title='bbox 159 846 295 872; x_wconf 89' lang='lat' dir='ltr'>nouus</span> <span class='ocrx_word' id='word_1_78' title='bbox 329 832 524 873; x_wconf 88' lang='lat' dir='ltr'>dominus</span> <span class='ocrx_word' id='word_1_79' title='bbox 562 832 653 873; x_wconf 91' lang='lat' dir='ltr'>loca</span> <span class='ocrx_word' id='word_1_80' title='bbox 690 833 822 873; x_wconf 87' lang='lat' dir='ltr'>lautia</span> <span class='ocrx_word' id='word_1_81' title='bbox 858 833 1022 887; x_wconf 77' lang='lat' dir='ltr'>prolixe</span> <span class='ocrx_word' id='word_1_82' title='bbox 1060 833 1264 887; x_wconf 88' lang='lat' dir='ltr'>praebuit.</span> <span class='ocrx_word' id='word_1_83' title='bbox 1327 848 1424 874; x_wconf 87' lang='lat' dir='ltr'>nam</span> <span class='ocrx_word' id='word_1_84' title='bbox 1456 836 1498 874; x_wconf 93' lang='lat' dir='ltr'>et</span> 
     </span>
     <span class='ocr_line' id='line_1_14' title="bbox 156 891 1498 945; baseline 0.001 -14"><span class='ocrx_word' id='word_1_85' title='bbox 156 891 267 931; x_wconf 88' lang='lat' dir='ltr'>diem</span> <span class='ocrx_word' id='word_1_86' title='bbox 304 891 489 945; x_wconf 87' lang='lat' dir='ltr'>primum</span> <span class='ocrx_word' id='word_1_87' title='bbox 528 891 648 932; x_wconf 91' lang='lat' dir='ltr'>illum</span> <span class='ocrx_word' id='word_1_88' title='bbox 685 892 883 933; x_wconf 85' lang='lat' dir='ltr'>feriatum</span> <span class='ocrx_word' id='word_1_89' title='bbox 925 892 1039 933; x_wconf 84' lang='lat' dir='ltr'>dedit</span> <span class='ocrx_word' id='word_1_90' title='bbox 1080 895 1121 933; x_wconf 91' lang='lat' dir='ltr'>et</span> <span class='ocrx_word' id='word_1_91' title='bbox 1162 892 1331 934; x_wconf 89' lang='lat' dir='ltr'>cibariis</span> <span class='ocrx_word' id='word_1_92' title='bbox 1370 892 1498 933; x_wconf 84' lang='lat' dir='ltr'>abun-</span> 
     </span>
     <span class='ocr_line' id='line_1_15' title="bbox 158 950 1498 1007; baseline 0.001 -17"><span class='ocrx_word' id='word_1_93' title='bbox 158 950 305 990; x_wconf 87' lang='lat' dir='ltr'>danter</span> <span class='ocrx_word' id='word_1_94' title='bbox 335 950 540 991; x_wconf 74' lang='lat' dir='ltr'>instruxit</span> <span class='ocrx_word' id='word_1_95' title='bbox 570 951 848 1005; x_wconf 82' lang='lat' dir='ltr'>praesepium.</span> <span class='ocrx_word' id='word_1_96' title='bbox 898 966 973 992; x_wconf 87' lang='lat' dir='ltr'>nec</span> <span class='ocrx_word' id='word_1_97' title='bbox 1004 954 1145 992; x_wconf 90' lang='lat' dir='ltr'>tamen</span> <span class='ocrx_word' id='word_1_98' title='bbox 1177 951 1251 992; x_wconf 91' lang='lat' dir='ltr'>illa</span> <span class='ocrx_word' id='word_1_99' title='bbox 1283 952 1359 992; x_wconf 92' lang='lat' dir='ltr'>otii</span> <span class='ocrx_word' id='word_1_100' title='bbox 1391 951 1498 1007; x_wconf 90' lang='lat' dir='ltr'>sagi-</span> 
     </span>
     <span class='ocr_line' id='line_1_16' title="bbox 157 1009 1552 1064; baseline 0.001 -15"><span class='ocrx_word' id='word_1_101' title='bbox 157 1023 318 1063; x_wconf 84' lang='lat' dir='ltr'>naeque</span> <span class='ocrx_word' id='word_1_102' title='bbox 368 1009 587 1050; x_wconf 85' lang='lat' dir='ltr'>beatitudo</span> <span class='ocrx_word' id='word_1_103' title='bbox 639 1010 808 1050; x_wconf 88' lang='lat' dir='ltr'>durauit</span> <span class='ocrx_word' id='word_1_104' title='bbox 856 1010 1034 1051; x_wconf 90' lang='lat' dir='ltr'>ulterius</span> <span class='ocrx_word' id='word_1_105' title='bbox 1079 1010 1151 1051; x_wconf 89' lang='lat' dir='ltr'>sed</span> <span class='ocrx_word' id='word_1_106' title='bbox 1195 1010 1260 1051; x_wconf 90' lang='lat' dir='ltr'>die</span> <span class='ocrx_word' id='word_1_107' title='bbox 1304 1010 1498 1064; x_wconf 90' lang='lat' dir='ltr'>sequenti</span> <span class='ocrx_word' id='word_1_108' title='bbox 1520 1027 1552 1051; x_wconf 87' lang='lat'>15</span> 
     </span>
     <span class='ocr_line' id='line_1_17' title="bbox 157 1067 1499 1122; baseline 0.002 -15"><span class='ocrx_word' id='word_1_109' title='bbox 157 1067 306 1121; x_wconf 87' lang='lat' dir='ltr'>molae,</span> <span class='ocrx_word' id='word_1_110' title='bbox 339 1083 444 1121; x_wconf 89' lang='lat' dir='ltr'>quae</span> <span class='ocrx_word' id='word_1_111' title='bbox 476 1068 661 1109; x_wconf 84' lang='lat' dir='ltr'>maxima</span> <span class='ocrx_word' id='word_1_112' title='bbox 692 1069 926 1122; x_wconf 88' lang='lat' dir='ltr'>uidebatur,</span> <span class='ocrx_word' id='word_1_113' title='bbox 958 1069 1192 1110; x_wconf 89' lang='lat' dir='ltr'>matutinus</span> <span class='ocrx_word' id='word_1_114' title='bbox 1222 1069 1432 1111; x_wconf 90' lang='lat' dir='ltr'>adstituor</span> <span class='ocrx_word' id='word_1_115' title='bbox 1457 1072 1499 1110; x_wconf 88' lang='lat' dir='ltr'>et</span> 
     </span>
     <span class='ocr_line' id='line_1_18' title="bbox 158 1126 1500 1182; baseline 0.001 -15"><span class='ocrx_word' id='word_1_116' title='bbox 158 1126 255 1167; x_wconf 91' lang='lat' dir='ltr'>ilico</span> <span class='ocrx_word' id='word_1_117' title='bbox 288 1126 427 1167; x_wconf 87' lang='lat' dir='ltr'>uelata</span> <span class='ocrx_word' id='word_1_118' title='bbox 458 1127 564 1168; x_wconf 86' lang='lat' dir='ltr'>facie</span> <span class='ocrx_word' id='word_1_119' title='bbox 602 1127 816 1181; x_wconf 87' lang='lat' dir='ltr'>propellor</span> <span class='ocrx_word' id='word_1_120' title='bbox 848 1128 899 1168; x_wconf 89' lang='lat' dir='ltr'>ad</span> <span class='ocrx_word' id='word_1_121' title='bbox 937 1128 1112 1169; x_wconf 89' lang='lat' dir='ltr'>incurua</span> <span class='ocrx_word' id='word_1_122' title='bbox 1149 1128 1286 1182; x_wconf 90' lang='lat' dir='ltr'>spatia</span> <span class='ocrx_word' id='word_1_123' title='bbox 1321 1128 1500 1170; x_wconf 82' lang='lat' dir='ltr'>flexuosi</span> 
     </span>
     <span class='ocr_line' id='line_1_19' title="bbox 160 1185 1500 1241; baseline 0.002 -16"><span class='ocrx_word' id='word_1_124' title='bbox 160 1185 334 1239; x_wconf 86' lang='lat' dir='ltr'>canalis,</span> <span class='ocrx_word' id='word_1_125' title='bbox 379 1188 426 1226; x_wconf 90' lang='lat' dir='ltr'>ut</span> <span class='ocrx_word' id='word_1_126' title='bbox 470 1186 513 1226; x_wconf 90' lang='lat' dir='ltr'>in</span> <span class='ocrx_word' id='word_1_127' title='bbox 558 1186 658 1227; x_wconf 89' lang='lat' dir='ltr'>orbe</span> <span class='ocrx_word' id='word_1_128' title='bbox 701 1187 872 1228; x_wconf 90' lang='lat' dir='ltr'>termini</span> <span class='ocrx_word' id='word_1_129' title='bbox 916 1186 1247 1228; x_wconf 86' lang='lat' dir='ltr'>circumfluentis</span> <span class='ocrx_word' id='word_1_130' title='bbox 1287 1187 1500 1241; x_wconf 90' lang='lat' dir='ltr'>reciproco</span> 
     </span>
     <span class='ocr_line' id='line_1_20' title="bbox 160 1245 1500 1301; baseline 0.001 -16"><span class='ocrx_word' id='word_1_131' title='bbox 160 1258 307 1299; x_wconf 86' lang='lat' dir='ltr'>gressu</span> <span class='ocrx_word' id='word_1_132' title='bbox 352 1259 444 1285; x_wconf 90' lang='lat' dir='ltr'>mea</span> <span class='ocrx_word' id='word_1_133' title='bbox 489 1245 700 1286; x_wconf 88' lang='lat' dir='ltr'>recalcans</span> <span class='ocrx_word' id='word_1_134' title='bbox 744 1246 927 1301; x_wconf 89' lang='lat' dir='ltr'>uestigia</span> <span class='ocrx_word' id='word_1_135' title='bbox 970 1259 1148 1300; x_wconf 89' lang='lat' dir='ltr'>uagarer</span> <span class='ocrx_word' id='word_1_136' title='bbox 1191 1260 1330 1288; x_wconf 90' lang='lat' dir='ltr'>errore</span> <span class='ocrx_word' id='word_1_137' title='bbox 1375 1249 1500 1288; x_wconf 90' lang='lat' dir='ltr'>certo.</span> 
     </span>
     <span class='ocr_line' id='line_1_21' title="bbox 159 1305 1557 1359; baseline 0.001 -15"><span class='ocrx_word' id='word_1_138' title='bbox 159 1318 236 1345; x_wconf 88' lang='lat' dir='ltr'>nec</span> <span class='ocrx_word' id='word_1_139' title='bbox 267 1306 409 1345; x_wconf 88' lang='lat' dir='ltr'>tamen</span> <span class='ocrx_word' id='word_1_140' title='bbox 443 1305 687 1359; x_wconf 84' lang='lat' dir='ltr'>sagacitatis</span> <span class='ocrx_word' id='word_1_141' title='bbox 720 1320 765 1346; x_wconf 89' lang='lat' dir='ltr'>ac</span> <span class='ocrx_word' id='word_1_142' title='bbox 797 1305 1045 1359; x_wconf 88' lang='lat' dir='ltr'>prudentiae</span> <span class='ocrx_word' id='word_1_143' title='bbox 1079 1320 1196 1346; x_wconf 89' lang='lat' dir='ltr'>meae</span> <span class='ocrx_word' id='word_1_144' title='bbox 1227 1319 1400 1359; x_wconf 89' lang='lat' dir='ltr'>prorsus</span> <span class='ocrx_word' id='word_1_145' title='bbox 1433 1305 1502 1346; x_wconf 92' lang='lat' dir='ltr'>ob·</span> <span class='ocrx_word' id='word_1_146' title='bbox 1521 1322 1557 1347; x_wconf 80' lang='lat'>20</span> 
     </span>
     <span class='ocr_line' id='line_1_22' title="bbox 161 1363 1503 1418; baseline 0.001 -15"><span class='ocrx_word' id='word_1_147' title='bbox 161 1363 264 1403; x_wconf 89' lang='lat' dir='ltr'>litus</span> <span class='ocrx_word' id='word_1_148' title='bbox 289 1363 457 1404; x_wconf 85' lang='lat' dir='ltr'>facilem</span> <span class='ocrx_word' id='word_1_149' title='bbox 483 1379 550 1404; x_wconf 89' lang='lat' dir='ltr'>me</span> <span class='ocrx_word' id='word_1_150' title='bbox 576 1364 772 1404; x_wconf 85' lang='lat' dir='ltr'>tirocinio</span> <span class='ocrx_word' id='word_1_151' title='bbox 800 1363 1046 1418; x_wconf 87' lang='lat' dir='ltr'>disciplinae</span> <span class='ocrx_word' id='word_1_152' title='bbox 1070 1364 1246 1418; x_wconf 86' lang='lat' dir='ltr'>praebui</span> <span class='ocrx_word' id='word_1_153' title='bbox 1266 1364 1349 1418; x_wconf 89' lang='lat' dir='ltr'>sed,</span> <span class='ocrx_word' id='word_1_154' title='bbox 1376 1378 1503 1418; x_wconf 91' lang='lat' dir='ltr'>quan-</span> 
     </span>
     <span class='ocr_line' id='line_1_23' title="bbox 162 1422 1502 1478; baseline 0.001 -16"><span class='ocrx_word' id='word_1_155' title='bbox 162 1437 288 1475; x_wconf 83' lang='lat' dir='ltr'>quam</span> <span class='ocrx_word' id='word_1_156' title='bbox 319 1422 564 1476; x_wconf 82' lang='lat' dir='ltr'>frequenter</span> <span class='ocrx_word' id='word_1_157' title='bbox 595 1437 690 1463; x_wconf 85' lang='lat' dir='ltr'>cum</span> <span class='ocrx_word' id='word_1_158' title='bbox 723 1423 833 1463; x_wconf 87' lang='lat' dir='ltr'>inter</span> <span class='ocrx_word' id='word_1_159' title='bbox 857 1423 1050 1464; x_wconf 89' lang='lat' dir='ltr'>homines</span> <span class='ocrx_word' id='word_1_160' title='bbox 1076 1436 1256 1478; x_wconf 78' lang='lat' dir='ltr'>agerem,</span> <span class='ocrx_word' id='word_1_161' title='bbox 1286 1422 1502 1464; x_wconf 88' lang='lat' dir='ltr'>machinas</span> 
     </span>
     <span class='ocr_line' id='line_1_24' title="bbox 162 1481 1504 1536; baseline 0.001 -14"><span class='ocrx_word' id='word_1_162' title='bbox 162 1481 360 1522; x_wconf 89' lang='lat' dir='ltr'>similiter</span> <span class='ocrx_word' id='word_1_163' title='bbox 401 1482 691 1522; x_wconf 84' lang='lat' dir='ltr'>circumrotari</span> <span class='ocrx_word' id='word_1_164' title='bbox 729 1482 948 1536; x_wconf 91' lang='lat' dir='ltr'>uidissem,</span> <span class='ocrx_word' id='word_1_165' title='bbox 990 1485 1147 1535; x_wconf 88' lang='lat' dir='ltr'>tamen,</span> <span class='ocrx_word' id='word_1_166' title='bbox 1191 1485 1239 1522; x_wconf 92' lang='lat' dir='ltr'>ut</span> <span class='ocrx_word' id='word_1_167' title='bbox 1276 1496 1424 1536; x_wconf 84' lang='lat' dir='ltr'>expers</span> <span class='ocrx_word' id='word_1_168' title='bbox 1462 1484 1504 1523; x_wconf 87' lang='lat' dir='ltr'>et</span> 
     </span>
     <span class='ocr_line' id='line_1_25' title="bbox 165 1540 1504 1595; baseline 0.002 -16"><span class='ocrx_word' id='word_1_169' title='bbox 165 1540 338 1594; x_wconf 89' lang='lat' dir='ltr'>ignarus</span> <span class='ocrx_word' id='word_1_170' title='bbox 361 1541 511 1594; x_wconf 86' lang='lat' dir='ltr'>operis,</span> <span class='ocrx_word' id='word_1_171' title='bbox 538 1544 710 1595; x_wconf 88' lang='lat' dir='ltr'>stupore</span> <span class='ocrx_word' id='word_1_172' title='bbox 736 1541 914 1582; x_wconf 87' lang='lat' dir='ltr'>mentito</span> <span class='ocrx_word' id='word_1_173' title='bbox 942 1541 1103 1582; x_wconf 78' lang='lat' dir='ltr'>defixus</span> <span class='ocrx_word' id='word_1_174' title='bbox 1127 1540 1364 1595; x_wconf 82' lang='lat' dir='ltr'>haerebam,</span> <span class='ocrx_word' id='word_1_175' title='bbox 1391 1541 1504 1595; x_wconf 88' lang='lat' dir='ltr'>quod</span> 
     </span>
     <span class='ocr_line' id='line_1_26' title="bbox 163 1599 1556 1654; baseline 0.001 -14"><span class='ocrx_word' id='word_1_176' title='bbox 163 1599 275 1640; x_wconf 88' lang='lat' dir='ltr'>enim</span> <span class='ocrx_word' id='word_1_177' title='bbox 307 1599 430 1640; x_wconf 85' lang='lat' dir='ltr'>rebar</span> <span class='ocrx_word' id='word_1_178' title='bbox 460 1602 508 1640; x_wconf 92' lang='lat' dir='ltr'>ut</span> <span class='ocrx_word' id='word_1_179' title='bbox 539 1600 678 1641; x_wconf 88' lang='lat' dir='ltr'>minus</span> <span class='ocrx_word' id='word_1_180' title='bbox 713 1603 858 1654; x_wconf 88' lang='lat' dir='ltr'>aptum</span> <span class='ocrx_word' id='word_1_181' title='bbox 891 1603 932 1641; x_wconf 94' lang='lat' dir='ltr'>et</span> <span class='ocrx_word' id='word_1_182' title='bbox 962 1600 1089 1640; x_wconf 90' lang='lat' dir='ltr'>huius</span> <span class='ocrx_word' id='word_1_183' title='bbox 1120 1599 1235 1640; x_wconf 92' lang='lat' dir='ltr'>modi</span> <span class='ocrx_word' id='word_1_184' title='bbox 1266 1600 1502 1641; x_wconf 78' lang='lat' dir='ltr'>ministerio</span> <span class='ocrx_word' id='word_1_185' title='bbox 1522 1617 1556 1642; x_wconf 80' lang='lat'>25</span> 
     </span>
     <span class='ocr_line' id='line_1_27' title="bbox 163 1658 1503 1713; baseline 0.001 -15"><span class='ocrx_word' id='word_1_186' title='bbox 163 1658 266 1698; x_wconf 88' lang='lat' dir='ltr'>satis</span> <span class='ocrx_word' id='word_1_187' title='bbox 298 1658 493 1699; x_wconf 88' lang='lat' dir='ltr'>inutilem</span> <span class='ocrx_word' id='word_1_188' title='bbox 520 1674 586 1699; x_wconf 87' lang='lat' dir='ltr'>me</span> <span class='ocrx_word' id='word_1_189' title='bbox 613 1659 665 1699; x_wconf 90' lang='lat' dir='ltr'>ad</span> <span class='ocrx_word' id='word_1_190' title='bbox 696 1659 825 1700; x_wconf 89' lang='lat' dir='ltr'>alium</span> <span class='ocrx_word' id='word_1_191' title='bbox 852 1659 1104 1713; x_wconf 88' lang='lat' dir='ltr'>quempiam,</span> <span class='ocrx_word' id='word_1_192' title='bbox 1130 1659 1276 1713; x_wconf 90' lang='lat' dir='ltr'>utique</span> <span class='ocrx_word' id='word_1_193' title='bbox 1300 1658 1503 1700; x_wconf 88' lang='lat' dir='ltr'>leuiorem</span> 
     </span>
     <span class='ocr_line' id='line_1_28' title="bbox 161 1716 1504 1772; baseline 0.001 -15"><span class='ocrx_word' id='word_1_194' title='bbox 161 1716 350 1757; x_wconf 82' lang='lat' dir='ltr'>laborem</span> <span class='ocrx_word' id='word_1_195' title='bbox 377 1717 613 1772; x_wconf 78' lang='lat' dir='ltr'>delegatum</span> <span class='ocrx_word' id='word_1_196' title='bbox 641 1718 704 1772; x_wconf 85' lang='lat' dir='ltr'>iri,</span> <span class='ocrx_word' id='word_1_197' title='bbox 735 1718 804 1759; x_wconf 90' lang='lat' dir='ltr'>uel</span> <span class='ocrx_word' id='word_1_198' title='bbox 830 1719 1013 1759; x_wconf 86' lang='lat' dir='ltr'>otiosum</span> <span class='ocrx_word' id='word_1_199' title='bbox 1040 1721 1150 1759; x_wconf 84' lang='lat' dir='ltr'>certe</span> <span class='ocrx_word' id='word_1_200' title='bbox 1177 1717 1384 1759; x_wconf 88' lang='lat' dir='ltr'>cibatuiri.</span> <span class='ocrx_word' id='word_1_201' title='bbox 1431 1717 1504 1759; x_wconf 90' lang='lat' dir='ltr'>sed</span> 
     </span>
     <span class='ocr_line' id='line_1_29' title="bbox 163 1775 1574 1831; baseline 0.001 -15"><span class='ocrx_word' id='word_1_202' title='bbox 163 1775 322 1816; x_wconf 79' lang='lat' dir='ltr'>frustra</span> <span class='ocrx_word' id='word_1_203' title='bbox 354 1776 585 1817; x_wconf 84' lang='lat' dir='ltr'>sollertiam</span> <span class='ocrx_word' id='word_1_204' title='bbox 619 1777 864 1818; x_wconf 87' lang='lat' dir='ltr'>damnosam</span> <span class='ocrx_word' id='word_1_205' title='bbox 889 1777 1066 1818; x_wconf 83' lang='lat' dir='ltr'>exercui.</span> <span class='ocrx_word' id='word_1_206' title='bbox 1130 1776 1366 1831; x_wconf 88' lang='lat' dir='ltr'>complures</span> <span class='ocrx_word' id='word_1_207' title='bbox 1391 1776 1503 1818; x_wconf 89' lang='lat' dir='ltr'>enim</span> <span class='ocrx_word' id='word_1_208' title='bbox 1570 1822 1574 1826; x_wconf 22' lang='lat'><strong>⁴</strong></span> 
     </span>
     <span class='ocr_line' id='line_1_30' title="bbox 162 1835 1569 1894; baseline 0.001 -19"><span class='ocrx_word' id='word_1_209' title='bbox 162 1835 357 1889; x_wconf 84' lang='lat' dir='ltr'>protinus</span> <span class='ocrx_word' id='word_1_210' title='bbox 395 1835 557 1877; x_wconf 88' lang='lat' dir='ltr'>baculis</span> <span class='ocrx_word' id='word_1_211' title='bbox 599 1837 749 1877; x_wconf 88' lang='lat' dir='ltr'>armati</span> <span class='ocrx_word' id='word_1_212' title='bbox 781 1851 848 1877; x_wconf 88' lang='lat' dir='ltr'>me</span> <span class='ocrx_word' id='word_1_213' title='bbox 887 1837 1256 1877; x_wconf 87' lang='lat' dir='ltr'>circumsteterunt</span> <span class='ocrx_word' id='word_1_214' title='bbox 1287 1838 1424 1890; x_wconf 89' lang='lat' dir='ltr'>atque,</span> <span class='ocrx_word' id='word_1_215' title='bbox 1456 1838 1504 1877; x_wconf 92' lang='lat' dir='ltr'>ut</span> <span class='ocrx_word' id='word_1_216' title='bbox 1567 1892 1569 1894; x_wconf 14' lang='lat' dir='ltr'>q</span> 
     </span>
    </p>
   </div>
   <div class='ocr_carea' id='block_1_3' title="bbox 165 1948 1567 2197">
    <p class='ocr_par' dir='ltr' id='par_1_4' title="bbox 165 1948 1567 2197">
     <span class='ocr_line' id='line_1_31' title="bbox 259 1948 1500 2009; baseline 0.002 -14"><span class='ocrx_word' id='word_1_217' title='bbox 259 1966 277 1995; x_wconf 77' lang='grc'><strong>2</strong></span> <span class='ocrx_word' id='word_1_218' title='bbox 299 1962 396 2006; x_wconf 81' lang='lat' dir='ltr'>fileb;</span> <span class='ocrx_word' id='word_1_219' title='bbox 417 1962 444 1996; x_wconf 79' lang='lat' dir='ltr'><strong>F</strong></span> <span class='ocrx_word' id='word_1_220' title='bbox 512 1967 533 1997; x_wconf 81' lang='lat'><strong>4</strong></span> <span class='ocrx_word' id='word_1_221' title='bbox 553 1963 629 1998; x_wconf 84' lang='lat' dir='ltr'>iam</span> <span class='ocrx_word' id='word_1_222' title='bbox 647 1965 776 2009; x_wconf 70' lang='lat' dir='ltr'>scripsi</span> <span class='ocrx_word' id='word_1_223' title='bbox 801 1964 915 1999; x_wconf 87' lang='lat' dir='ltr'>etiam</span> <span class='ocrx_word' id='word_1_224' title='bbox 934 1965 1012 1999; x_wconf 80' lang='lat' dir='ltr'>cdd.</span> <span class='ocrx_word' id='word_1_225' title='bbox 1068 1948 1173 1998; x_wconf 64' lang='lat' dir='ltr'>codto</span> <span class='ocrx_word' id='word_1_226' title='bbox 1194 1963 1221 1997; x_wconf 89' lang='lat' dir='ltr'><strong>F</strong></span> <span class='ocrx_word' id='word_1_227' title='bbox 1294 1967 1314 1997; x_wconf 87' lang='lat'>5</span> <span class='ocrx_word' id='word_1_228' title='bbox 1335 1962 1500 1998; x_wconf 87' lang='lat' dir='ltr'>cuiusce-</span> 
     </span>
     <span class='ocr_line' id='line_1_32' title="bbox 165 2009 1503 2054; baseline 0 -10"><span class='ocrx_word' id='word_1_229' title='bbox 165 2009 266 2044; x_wconf 87' lang='lat' dir='ltr'>modi</span> <span class='ocrx_word' id='word_1_230' title='bbox 292 2011 420 2054; x_wconf 60' lang='lat' dir='ltr'>scrzsspsi</span> <span class='ocrx_word' id='word_1_231' title='bbox 444 2012 488 2053; x_wconf 80' lang='lat' dir='ltr'>cf.</span> <span class='ocrx_word' id='word_1_232' title='bbox 506 2015 582 2045; x_wconf 84' lang='lat'>145.</span> <span class='ocrx_word' id='word_1_233' title='bbox 600 2016 636 2053; x_wconf 75' lang='lat'>93</span> <span class='ocrx_word' id='word_1_234' title='bbox 665 2015 742 2046; x_wconf 86' lang='lat'>156.</span> <span class='ocrx_word' id='word_1_235' title='bbox 758 2015 778 2046; x_wconf 84' lang='lat'>9</span> <span class='ocrx_word' id='word_1_236' title='bbox 810 2010 1068 2045; x_wconf 88' lang='lat' dir='ltr'>huiuscemodi</span> <span class='ocrx_word' id='word_1_237' title='bbox 1092 2012 1170 2046; x_wconf 81' lang='lat' dir='ltr'>edd.</span> <span class='ocrx_word' id='word_1_238' title='bbox 1204 2009 1381 2054; x_wconf 79' lang='lat' dir='ltr'>cuiusque</span> <span class='ocrx_word' id='word_1_239' title='bbox 1401 2010 1503 2045; x_wconf 88' lang='lat' dir='ltr'>modi</span> 
     </span>
     <span class='ocr_line' id='line_1_33' title="bbox 167 2056 1501 2103; baseline 0.001 -12"><span class='ocrx_word' id='word_1_240' title='bbox 167 2057 299 2101; x_wconf 74' lang='lat' dir='ltr'>Haupt</span> <span class='ocrx_word' id='word_1_241' title='bbox 394 2057 594 2101; x_wconf 85' lang='lat' dir='ltr'>pristinum</span> <span class='ocrx_word' id='word_1_242' title='bbox 625 2058 706 2101; x_wconf 76' lang='lat' dir='ltr'>F1‹p</span> <span class='ocrx_word' id='word_1_243' title='bbox 851 2063 871 2093; x_wconf 89' lang='grc'><strong>6</strong></span> <span class='ocrx_word' id='word_1_244' title='bbox 903 2057 1074 2103; x_wconf 88' lang='lat' dir='ltr'>perducit</span> <span class='ocrx_word' id='word_1_245' title='bbox 1098 2057 1157 2092; x_wconf 76' lang='grc' dir='ltr'>Εδ</span> <span class='ocrx_word' id='word_1_246' title='bbox 1198 2056 1372 2102; x_wconf 88' lang='lat' dir='ltr'>producit</span> <span class='ocrx_word' id='word_1_247' title='bbox 1397 2070 1425 2102; x_wconf 87' lang='grc' dir='ltr'>φ</span> <span class='ocrx_word' id='word_1_248' title='bbox 1456 2058 1501 2101; x_wconf 82' lang='lat' dir='ltr'>cf.</span> 
     </span>
     <span class='ocr_line' id='line_1_34' title="bbox 169 2103 1502 2151; baseline 0.002 -13"><span class='ocrx_word' id='word_1_249' title='bbox 169 2107 450 2146; x_wconf 77' lang='lat'>152.1;170.20</span> <span class='ocrx_word' id='word_1_250' title='bbox 503 2109 613 2141; x_wconf 87' lang='lat'>10.11</span> <span class='ocrx_word' id='word_1_251' title='bbox 636 2105 700 2140; x_wconf 81' lang='lat' dir='ltr'>sed</span> <span class='ocrx_word' id='word_1_252' title='bbox 720 2105 812 2139; x_wconf 78' lang='lat' dir='ltr'>mihi</span> <span class='ocrx_word' id='word_1_253' title='bbox 833 2106 913 2150; x_wconf 74' lang='lat' dir='ltr'>F1q2</span> <span class='ocrx_word' id='word_1_254' title='bbox 941 2105 1006 2140; x_wconf 81' lang='lat' dir='ltr'>sed</span> <span class='ocrx_word' id='word_1_255' title='bbox 1026 2105 1113 2139; x_wconf 87' lang='lat' dir='ltr'>dum</span> <span class='ocrx_word' id='word_1_256' title='bbox 1131 2104 1207 2139; x_wconf 57' lang='lat'>1³²6</span> <span class='ocrx_word' id='word_1_257' title='bbox 1220 2104 1260 2139; x_wconf 87' lang='lat' dir='ltr'>E.</span> <span class='ocrx_word' id='word_1_258' title='bbox 1336 2108 1377 2138; x_wconf 91' lang='lat'>11</span> <span class='ocrx_word' id='word_1_259' title='bbox 1400 2103 1502 2151; x_wconf 77' lang='lat' dir='ltr'>(ne)</span> 
     </span>
     <span class='ocr_line' id='line_1_35' title="bbox 168 2150 1567 2197; baseline -0.001 -11"><span class='ocrx_word' id='word_1_260' title='bbox 168 2151 243 2186; x_wconf 78' lang='lat' dir='ltr'>Pet.</span> <span class='ocrx_word' id='word_1_261' title='bbox 341 2150 484 2186; x_wconf 85' lang='lat' dir='ltr'>scilieet</span> <span class='ocrx_word' id='word_1_262' title='bbox 510 2153 697 2188; x_wconf 56' lang='lat' dir='ltr'>‘z&#39;nductum</span> <span class='ocrx_word' id='word_1_263' title='bbox 722 2154 762 2187; x_wconf 73' lang='lat' dir='ltr'>in</span> <span class='ocrx_word' id='word_1_264' title='bbox 787 2153 826 2197; x_wconf 84' lang='lat' dir='ltr'>F,</span> <span class='ocrx_word' id='word_1_265' title='bbox 853 2164 918 2188; x_wconf 86' lang='lat' dir='ltr'>om.</span> <span class='ocrx_word' id='word_1_266' title='bbox 940 2154 962 2187; x_wconf 83' lang='grc' dir='ltr'><em>δ</em></span> <span class='ocrx_word' id='word_1_267' title='bbox 1060 2156 1102 2186; x_wconf 87' lang='grc'>16</span> <span class='ocrx_word' id='word_1_268' title='bbox 1128 2151 1314 2186; x_wconf 87' lang='lat' dir='ltr'>adstituor</span> <span class='ocrx_word' id='word_1_269' title='bbox 1338 2152 1383 2194; x_wconf 81' lang='lat' dir='ltr'>cf.</span> <span class='ocrx_word' id='word_1_270' title='bbox 1410 2155 1500 2186; x_wconf 84' lang='lat' dir='ltr'>4o.1</span> <span class='ocrx_word' id='word_1_271' title='bbox 1560 2173 1567 2197; x_wconf 71' lang='lat'>2</span> 
     </span>
    </p>
   </div>
   <div class='ocr_carea' id='block_1_4' title="bbox 168 2209 1583 2360">
    <p class='ocr_par' dir='ltr' id='par_1_5' title="bbox 168 2209 1583 2360">
     <span class='ocr_line' id='line_1_36' title="bbox 169 2209 1581 2267; baseline 0.001 -12"><span class='ocrx_word' id='word_1_272' title='bbox 169 2226 212 2255; x_wconf 80' lang='lat'>18</span> <span class='ocrx_word' id='word_1_273' title='bbox 239 2222 365 2256; x_wconf 85' lang='lat' dir='ltr'>orbem</span> <span class='ocrx_word' id='word_1_274' title='bbox 391 2235 417 2266; x_wconf 84' lang='grc' dir='ltr'>φ</span> <span class='ocrx_word' id='word_1_275' title='bbox 516 2227 557 2257; x_wconf 89' lang='grc'>21</span> <span class='ocrx_word' id='word_1_276' title='bbox 591 2222 773 2267; x_wconf 78' lang='lat' dir='ltr'>tyrocinio</span> <span class='ocrx_word' id='word_1_277' title='bbox 800 2223 827 2257; x_wconf 83' lang='lat' dir='ltr'><strong>F</strong></span> <span class='ocrx_word' id='word_1_278' title='bbox 865 2209 1038 2257; x_wconf 65' lang='lat' dir='ltr'>tdricinio</span> <span class='ocrx_word' id='word_1_279' title='bbox 1065 2236 1092 2266; x_wconf 86' lang='grc' dir='ltr'><strong>φ</strong></span> <span class='ocrx_word' id='word_1_280' title='bbox 1190 2226 1232 2256; x_wconf 91' lang='grc'>26</span> <span class='ocrx_word' id='word_1_281' title='bbox 1265 2221 1444 2257; x_wconf 87' lang='lat' dir='ltr'>leniorem</span> <span class='ocrx_word' id='word_1_282' title='bbox 1474 2235 1502 2266; x_wconf 84' lang='grc' dir='ltr'>φ</span> <span class='ocrx_word' id='word_1_283' title='bbox 1564 2214 1581 2258; x_wconf 26' lang='lat'>,2</span> 
     </span>
     <span class='ocr_line' id='line_1_37' title="bbox 169 2264 1583 2316; baseline -0.001 -13"><span class='ocrx_word' id='word_1_284' title='bbox 169 2273 210 2303; x_wconf 78' lang='grc'>27</span> <span class='ocrx_word' id='word_1_285' title='bbox 240 2269 452 2315; x_wconf 85' lang='lat' dir='ltr'>delegatum</span> <span class='ocrx_word' id='word_1_286' title='bbox 477 2271 605 2315; x_wconf 71' lang='lat' dir='ltr'>scripsi</span> <span class='ocrx_word' id='word_1_287' title='bbox 629 2271 674 2314; x_wconf 80' lang='lat' dir='ltr'>cf.</span> <span class='ocrx_word' id='word_1_288' title='bbox 704 2274 839 2304; x_wconf 83' lang='grc'><strong>127.13</strong></span> <span class='ocrx_word' id='word_1_289' title='bbox 874 2270 1040 2316; x_wconf 87' lang='lat' dir='ltr'>legatum</span> <span class='ocrx_word' id='word_1_290' title='bbox 1069 2270 1148 2305; x_wconf 83' lang='lat' dir='ltr'>cdd.</span> <span class='ocrx_word' id='word_1_291' title='bbox 1245 2269 1373 2304; x_wconf 85' lang='lat' dir='ltr'>cibatu</span> <span class='ocrx_word' id='word_1_292' title='bbox 1403 2269 1451 2303; x_wconf 88' lang='lat' dir='ltr'>iri</span> <span class='ocrx_word' id='word_1_293' title='bbox 1474 2269 1502 2303; x_wconf 87' lang='lat' dir='ltr'><strong>F</strong></span> <span class='ocrx_word' id='word_1_294' title='bbox 1561 2264 1583 2301; x_wconf 51' lang='grc' dir='ltr'>’ἵ</span> 
     </span>
     <span class='ocr_line' id='line_1_38' title="bbox 168 2316 1465 2360; baseline 0 -11"><span class='ocrx_word' id='word_1_295' title='bbox 168 2316 335 2350; x_wconf 82' lang='lat' dir='ltr'>cibatum</span> <span class='ocrx_word' id='word_1_296' title='bbox 359 2316 405 2350; x_wconf 87' lang='lat' dir='ltr'>iri</span> <span class='ocrx_word' id='word_1_297' title='bbox 432 2330 459 2360; x_wconf 84' lang='grc' dir='ltr'>φ</span> <span class='ocrx_word' id='word_1_298' title='bbox 486 2318 530 2360; x_wconf 79' lang='lat' dir='ltr'>ef.</span> <span class='ocrx_word' id='word_1_299' title='bbox 559 2321 635 2351; x_wconf 58' lang='lat'>1³9.</span> <span class='ocrx_word' id='word_1_300' title='bbox 653 2321 695 2351; x_wconf 83' lang='lat'>30</span> <span class='ocrx_word' id='word_1_301' title='bbox 725 2317 896 2353; x_wconf 78' lang='lat' dir='ltr'>Mnemos.</span> <span class='ocrx_word' id='word_1_302' title='bbox 925 2321 1026 2351; x_wconf 83' lang='lat'>1896.</span> <span class='ocrx_word' id='word_1_303' title='bbox 1053 2320 1120 2351; x_wconf 82' lang='grc'>262</span> <span class='ocrx_word' id='word_1_304' title='bbox 1422 2347 1425 2349; x_wconf 91' lang='grc'>.</span> <span class='ocrx_word' id='word_1_305' title='bbox 1460 2346 1465 2349; x_wconf 89' lang='grc'><em>.</em></span> 
     </span>
    </p>
   </div>
   <div class='ocr_carea' id='block_1_5' title="bbox 1568 0 1591 2556">
    <p class='ocr_par' dir='ltr' id='par_1_6' title="bbox 1568 0 1591 2556">
     <span class='ocr_line' id='line_1_39' title="bbox 1568 0 1591 2556; baseline 0 0"><span class='ocrx_word' id='word_1_306' title='bbox 1568 0 1591 2556; x_wconf 95' lang='lat' dir='ltr'> </span> 
     </span>
    </p>
   </div>
  </div>
 </body>
</html>
