1591 2556
28 737 62 761 10

28 1030 60 1055 15

27 1326 62 1350 20

27 1619 61 1645 25

525 88 626 123 CAP.
652 86 990 121 XXVI—XXVIIII
1341 84 1426 125 209

80 187 238 229 necabo
271 201 318 227 ac
348 200 400 226 ne
426 184 531 225 iuris
558 184 729 238 quidem
757 183 983 224 seueritate
1009 181 1103 236 lege
1130 181 1179 222 de
1206 181 1425 222 adulteriis

81 247 133 288 ad
177 245 404 287 discrimen
447 244 607 285 uocabo
653 242 802 297 capitis
851 245 937 282 tam
982 242 1210 281 uenustum
1253 243 1426 294 tamque

80 304 341 360 pulchellum
366 302 556 357 puellum
583 302 656 343 sed
681 301 804 356 plane
825 316 921 342 cum
947 314 1078 341 uxore
1105 313 1198 339 mea
1223 299 1425 352 partiario

80 364 271 406 tractabo
303 377 379 404 nec
416 361 712 403 herciscundae
744 360 931 400 familiae
970 359 1043 400 sed
1075 358 1290 399 communi
1323 358 1426 398 diui-

83 423 224 464 dimdo
256 421 439 463 formula
471 420 692 474 dimicabo,
724 422 771 460 ut
803 419 893 460 sine
925 418 1012 459 ulla
1044 417 1333 459 controuersia
1359 417 1427 458 uel

82 481 344 523 dissensione
370 480 508 521 tribus
535 479 658 520 nobis
684 479 727 520 in
754 493 838 519 uno
866 477 1091 519 conueniat
1115 475 1283 518 lectulo.
1330 491 1427 516 nam

81 544 123 583 et
155 542 244 595 ipse
277 554 443 593 semper
474 554 569 580 cum
595 553 688 579 mea
714 537 893 592 coniuge
920 540 1007 577 tam
1034 535 1299 577 concorditer
1325 535 1426 588 uixi,

80 603 128 641 ut
166 615 217 641 ex
256 602 370 640 secta
400 597 673 653 prudentium
712 597 857 638 eadem
894 596 1017 637 nobis
1056 595 1261 635 ambobus
1293 594 1428 648 place—

81 662 187 700 rent.
238 659 311 699 sed
342 672 418 699 nec
451 657 640 711 aequitas
673 656 765 710 ipsa
796 655 959 709 patitur
982 654 1137 695 habere
1163 653 1259 707 plus
1287 656 1427 694 aucto-

82 718 222 759 ritatis
254 731 430 759 uxorem
463 731 589 770 quam
620 715 849 756 maritum.'

167 775 366 818 XXVIII.
398 775 512 816 Talis
545 774 752 816 sermonis
784 773 990 814 blanditie
1023 772 1270 813 cauillatum
1301 771 1424 812 dedu-

80 837 201 877 cebat
232 836 284 876 ad
314 838 455 876 torum
480 833 695 875 nolentem
721 848 911 887 puerum,
945 834 1191 886 sequentem
1217 833 1360 872 tamen
1386 833 1428 871 et

79 895 354 949 pudicissima
398 893 471 934 illa
520 908 651 934 uxore
696 892 902 933 altrorsus
947 890 1132 932 disclusa
1175 889 1291 930 solus
1336 890 1426 943 ipse

80 969 175 995 cum
206 968 337 1007 puero
377 953 534 994 cubans
573 952 817 1007 gratissima
848 953 1143 1004 corruptarum
1182 949 1428 1003 nuptiarum

80 1013 269 1054 uindicta
300 1012 608 1066 perfruebatur.
660 1011 732 1051 sed
764 1026 859 1052 cum
892 1010 1078 1064 primum
1111 1011 1205 1049 rota
1237 1008 1340 1049 solis
1365 1007 1426 1048 lu-

79 1072 172 1113 cida
204 1072 314 1113 diem
347 1071 529 1125 peperit,
567 1070 729 1111 uocatis
764 1070 928 1110 duobus
965 1084 986 1109 e
1017 1067 1179 1108 familia
1217 1067 1427 1108 ualidissi-

79 1131 172 1185 mis,
215 1145 341 1185 quam
384 1130 590 1170 altissime
632 1128 800 1170 sublato
844 1143 974 1182 puero
1013 1126 1149 1168 ferula
1186 1128 1305 1167 nates
1339 1126 1428 1167 eius

81 1190 226 1231 obuer-
255 1190 312 1244 [p.
330 1188 507 1242 172.E.]
535 1188 687 1229 berans
715 1188 776 1228 ‘tu
804 1187 961 1228 autem’
988 1186 1128 1240 inquit
1154 1185 1257 1226 ‘tam
1285 1184 1428 1226 mollis

80 1263 127 1290 ac
147 1251 267 1290 tener
287 1251 328 1289 et
349 1248 575 1288 admodum
594 1262 699 1301 puer
720 1246 978 1287 defraudatis
994 1244 1255 1286 amatoribus
1276 1244 1428 1285 aetatis

80 1310 178 1349 tuae
205 1308 307 1348 flore
334 1307 532 1348 mulieres
559 1306 722 1360 adpetis
750 1308 876 1359 atque
904 1320 972 1346 eas
998 1305 1154 1345 liberas
1181 1306 1223 1344 et
1248 1303 1430 1344 conubia

79 1366 172 1421 lege
212 1367 382 1407 sociata
408 1366 651 1418 conrumpis
691 1368 732 1406 et
770 1364 1120 1418 intempestiuum
1152 1363 1232 1403 tibi
1270 1377 1425 1403 nomen

79 1425 244 1466 adulter
274 1425 510 1466 uindicas‘?’

167 1483 247 1525 His
281 1487 322 1525 et
352 1484 547 1538 pluribus
579 1483 721 1524 uerbis
755 1482 1055 1536 compellatum
1089 1484 1131 1522 et
1163 1481 1336 1534 insuper
1362 1481 1429 1521 ad-

79 1543 203 1584 fatim
234 1543 372 1598 plagis
412 1543 667 1598 castigatum
705 1542 940 1582 forinsecus
974 1540 1115 1581 abicit.
1178 1542 1221 1580 at
1257 1539 1329 1580 ille
1363 1540 1430 1580 ad-

81 1602 315 1643 ulterorum
348 1603 537 1643 omnium
562 1601 824 1642 fortissimus
850 1600 1065 1654 insperata
1090 1599 1254 1653 potitus
1281 1598 1430 1652 salute,

82 1664 221 1702 tamen
274 1664 391 1702 nates
442 1661 639 1702 candidas
684 1660 779 1701 illas
824 1662 953 1700 noctu
998 1659 1154 1712 diuque
1199 1658 1429 1712 dirruptus,

81 1735 273 1761 maerens
304 1720 507 1775 profugit.
570 1734 645 1760 nec
684 1719 816 1760 setius
854 1718 990 1772 pistor
1027 1717 1099 1758 ille
1137 1717 1335 1758 nuntium
1368 1732 1427 1757 re-

81 1779 201 1820 misit
232 1779 355 1819 uxori
387 1793 562 1833 eamque
593 1778 789 1832 protinus
817 1777 866 1818 de
892 1792 968 1817 sua
993 1776 1265 1831 proturbauit
1291 1776 1428 1817 domo.

82 1836 303 1879 XXVIIII.
346 1841 389 1878 at
429 1838 502 1878 illa
541 1840 707 1891 praeter
747 1836 974 1891 genuinam
1013 1835 1246 1889 nequitiam
1285 1838 1430 1876 eontu-

3 1913 65 1938 30
83 1897 209 1938 melia
240 1897 367 1937 etiam
399 1896 594 1951 quamuis
627 1896 755 1949 iusta⁷
793 1898 934 1936 tamen
967 1894 1093 1935 altius
1126 1897 1338 1935 commota
1369 1897 1429 1934 at-

85 1970 165 2010 que
197 1958 444 2010 exasperata
475 1956 527 1996 ad
559 1954 772 1995 armillum
798 1954 1028 1995 reuertitur
1053 1956 1095 1994 et
1121 1953 1173 1993 ad
1198 1953 1429 1994 familiares

83 2014 337 2055 feminarum
370 2017 480 2055 artes
514 2014 745 2066 accinyitur
778 2027 1016 2068 magnaque
1049 2027 1148 2053 cura
1179 2012 1429 2066 requisitam

182 2134 199 2164 1
226 2132 336 2166 uerba
361 2130 445 2175 lege
471 2130 516 2164 de
543 2128 738 2164 adulteriis
763 2130 934 2175 ylossema
959 2130 1055 2163 olent
1146 2132 1165 2161 2
1192 2130 1343 2171 tamque
1370 2127 1429 2160 Fe

86 2177 198 2220 atque
225 2191 252 2222 φ
365 2182 387 2212 4
413 2176 647 2222 hirciscunde
674 2176 737 2220 qu
765 2177 809 2219 cf.
839 2179 976 2210 115.17
1093 2179 1112 2209 9
1146 2186 1213 2209 nec
1238 2176 1322 2209 add.
1349 2175 1427 2208 cdd.

86 2234 151 2258 om.
178 2224 218 2258 E.
317 2228 360 2258 13
398 2224 597 2259 alterorsus
629 2223 710 2267 F¹qo
832 2227 950 2258 15.16
982 2222 1109 2257 lucida
1141 2223 1217 2257 cdd.
1264 2221 1429 2255 lucidam

87 2270 204 2305 Kron.
236 2272 292 2306 cll.
327 2275 480 2314 188.31;
508 2274 622 2305 219.2
722 2274 764 2305 26
799 2270 987 2314 dirruptus
1020 2270 1047 2303 F
1145 2274 1188 2303 32
1222 2267 1431 2312 accingitur

89 2317 188 2352 Colu.
215 2319 260 2361 cf.
280 2322 356 2353 135.
373 2322 410 2362 93
440 2322 516 2353 165.
532 2322 574 2352 23
615 2317 830 2352 accenditur
854 2319 933 2352 cdd.

159 2383 285 2409 Apum
305 2391 426 2410 METAM.
446 2384 491 2409 ed.
514 2385 535 2409 V
545 2384 618 2409 liet
1107 2380 1149 2408 14
