1591 2556
153 95 173 135 1
181 95 237 136 90
696 94 825 128 LIBRI
850 94 953 129 VIIII

150 194 309 245 tuoque
341 194 388 232 ut
420 191 597 232 exitium
630 205 850 232 commune
876 191 1135 245 protelarent
1161 190 1382 246 cohortati,
1412 191 1494 245 ipsi

151 250 294 304 potius
327 250 472 291 eodem
505 250 726 291 uaesaniae
758 250 906 291 morbo
938 250 1178 291 laborantes
1207 252 1494 304 persecuntur.

150 324 226 350 nec
259 309 387 350 dubio
419 324 485 349 me
516 308 673 350 lanceis
705 309 771 350 illi
802 309 871 350 uel
902 308 1136 363 uenabulis,
1167 309 1297 350 immo
1323 323 1424 350 uero
1452 311 1495 350 et

152 368 418 422 bipennibus,
450 382 556 422 quae
581 367 704 409 facile
729 368 878 408 famuli
904 368 1343 422 subministrauerant,
1367 382 1494 409 mem-

151 427 307 468 bratim
341 426 694 480 concipulassent,
733 427 775 467 ni
813 429 1004 480 respecto
1038 427 1168 468 subiti
1200 426 1377 481 periculi
1408 429 1494 468 tur-

151 486 249 527 bine
282 484 536 539 cubiculum,
574 485 617 526 in
651 500 733 539 quo
766 486 848 527 mei
881 485 1040 527 domini
1073 486 1364 540 deuertebant,
1400 500 1495 540 pro-

152 545 269 586 tinus
302 545 568 598 inrupissem.
631 547 731 585 tunc
763 544 917 585 clausis
950 545 1240 599 obseratisque
1272 559 1398 598 super
1428 559 1495 585 me

151 604 315 644 foribus
349 603 600 644 obsidebant
630 602 788 657 locum,
827 604 966 658 quoad
998 604 1087 645 sine
1118 603 1206 645 ullo
1239 604 1495 657 conyressio-

151 663 217 704 1118
238 677 337 703 suae
358 662 545 716 periculo
572 662 837 716 pestilentiae
861 662 999 703 letalis
1026 663 1236 717 peruicaci
1261 663 1376 704 rabie
1401 676 1495 716 pos·
1531 662 1534 664 ’

152 736 293 763 8888118
326 736 373 762 ac
404 736 577 775 peresus
610 722 857 762 absumerer.
915 736 998 776 quo
1029 722 1141 763 facto
1173 722 1342 763 tandem
1373 721 1495 762 liber-

152 783 283 822 tatem
328 783 524 834 nanctus,
574 780 787 822 solitariae
831 780 1024 822 fortunae
1068 795 1222 822 munus
1266 780 1497 834 amplexus,

152 854 278 894 super
310 842 571 880 constratum
603 839 759 880 lectum
799 840 987 881 abiectus
1028 843 1125 893 post
1163 839 1346 880 multum
1384 840 1496 893 equi-

153 899 246 940 dem
279 899 484 953 temporis
517 913 712 939 somnum
744 898 977 939 humanum
1011 899 1165 953 quieui.

240 956 315 998 III.
348 957 523 1011 Iamque
556 957 667 998 clara
699 958 765 998 die
798 957 978 998 mollitie
1012 957 1194 999 cubiculi
1221 957 1357 999 refota
1380 957 1497 998 lassi—

152 1017 297 1057 tudine
336 1019 514 1071 uegetus
556 1030 714 1070 exurgo
754 1019 880 1070 atque
918 1016 1032 1070 illos,
1074 1017 1146 1071 qui
1187 1031 1303 1058 meae
1340 1015 1497 1057 tutelae

153 1075 382 1130 peruigiles
421 1075 618 1116 excubias
657 1076 939 1129 agitauerant,
979 1075 1168 1116 ausculto
1208 1076 1257 1116 de
1295 1076 1400 1116 meis
1438 1075 1498 1116 sic

153 1134 356 1176 altercare
399 1134 583 1175 fortunis
628 1133 855 1174 ‘adhucine
903 1134 1105 1175 miserum
1153 1135 1283 1175 istum
1331 1135 1496 1175 asinum

102 1231 105 1233 .
153 1194 243 1248 iugi
282 1193 424 1234 furore
466 1193 611 1233 iactari
654 1192 892 1234 credimus?
954 1193 1083 1233 immo
1125 1208 1226 1234 uero
1265 1193 1348 1234 iam
1380 1193 1498 1235 uirus

154 1253 411 1293 increscente
453 1252 630 1293 saeuitia
670 1266 843 1305 prorsus
885 1252 1123 1293 extinctus?
1186 1252 1245 1293 sic
1287 1252 1498 1306 opinionis

153 1312 295 1353 uariae
322 1312 551 1352 terminum
579 1311 629 1351 ad
656 1311 990 1364 explorationem
1012 1311 1236 1353 conferunt
1255 1326 1301 1352 ac
1322 1311 1372 1352 de
1391 1311 1499 1352 rima

155 1371 335 1425 quadam
376 1370 642 1425 prospiciunt
684 1385 833 1410 sanum
871 1385 937 1411 me
970 1373 1095 1424 atque
1134 1371 1322 1411 sobrium
1361 1370 1496 1411 otiose

155 1430 393 1471 consistere.
457 1429 624 1483 iamque
656 1429 768 1469 ultro
801 1429 964 1470 foribus
996 1429 1217 1483 patefactis
1248 1429 1415 1483 plenius
1447 1444 1499 1470 an

155 1489 238 1529 iam
272 1489 351 1529 sim
384 1488 697 1529 mansuefactus
729 1488 1033 1542 periclitantur.
1097 1489 1169 1529 sed
1200 1503 1308 1529 unus
1341 1503 1391 1529 ex
1419 1488 1499 1542 his,

155 1548 204 1588 de
237 1548 351 1588 caelo
390 1547 551 1588 scilicet
588 1547 742 1587 missus
774 1547 880 1587 mihi
919 1548 1163 1602 sospitator,
1202 1550 1498 1602 argumentum

155 1606 435 1660 explorandae
468 1606 662 1646 sanitatis
695 1621 810 1647 meae
837 1605 920 1647 tale
948 1609 1252 1647 commonstrat
1278 1606 1427 1647 ceteris
1452 1608 1500 1646 ut

156 1680 286 1720 aquae
319 1665 499 1706 recentis
526 1680 633 1706 com-
656 1664 903 1719 [12.157.E.]
924 1665 1082 1719 pletam
1114 1665 1280 1719 peluem
1302 1665 1501 1706 offerrent

155 1725 275 1778 potui
301 1739 394 1765 meo
422 1739 468 1765 ac
496 1724 531 1764 si
557 1724 793 1777 intrepidus
820 1726 862 1764 et
887 1739 1003 1765 more
1029 1724 1155 1765 solito
1183 1739 1352 1766 sumens
1379 1724 1499 1779 aquis

156 1783 469 1837 adlibescerem,
502 1798 647 1823 sanum
676 1798 741 1823 1118
768 1786 894 1837 atque
922 1784 1036 1824 omni
1065 1783 1213 1824 morbo
1246 1783 1402 1825 scirent
1433 1798 1499 1824 ex-

155 1842 363 1895 peditum:
408 1845 555 1883 contra
594 1856 694 1882 uero
737 1843 771 1883 si
813 1842 953 1882 uisum
996 1845 1320 1896 contactumque
1359 1841 1499 1882 laticis

155 1902 335 1942 uitareni
357 1916 402 1941 ac
423 1901 795 1955 perhorrescerem,
815 1915 891 1955 pro
913 1904 1126 1955 comperto
1148 1901 1317 1942 noxiam
1338 1900 1497 1942 rabiem

249 2091 269 2122 2
302 2087 455 2134 beranie
481 2087 508 2120 F
546 2087 699 2122 bei-anie
725 2100 786 2132 ‹pg
825 2080 990 2122 ueramfe
1015 2089 1037 2122 δ
1133 2091 1152 2120 3
1185 2086 1242 2120 1111
1269 2087 1382 2132 Beyte
1418 2086 1496 2121 illis

152 2136 231 2176 cdd.
331 2138 350 2168 5
379 2134 677 2178 concipulassent
701 2137 830 2180 scripsi
855 2136 899 2179 cf.
920 2136 965 2170 A.
987 2135 1031 2169 L.
1054 2135 1096 2169 L.
1118 2134 1177 2168 IX.
1200 2138 1265 2168 461
1301 2133 1496 2178 compilas-

157 2184 239 2217 sent
270 2183 346 2217 cdd.
380 2183 423 2225 ef.
453 2186 529 2215 128.
551 2186 571 2215 8
694 2186 759 2216 &9
799 2181 1069 2227 congressionis
1101 2181 1203 2226 Lips.
1249 2180 1496 2216 concessionis

156 2231 233 2265 cdd.
261 2229 300 2263 E.
334 2230 378 2272 cf.
407 2233 483 2262 144.
506 2233 548 2262 21
587 2230 650 2263 ubi
683 2229 746 2273 Ρφ
786 2231 916 2265 habent
953 2228 1237 2274 adgessionibus
1350 2232 1393 2262 10
1431 2228 1495 2262 ad-

157 2287 319 2311 sumerer
350 2276 377 2309 F
422 2287 626 2310 assumerer
658 2290 685 2320 φ
792 2281 832 2310 17
866 2276 1069 2311 adhuccine
1102 2289 1129 2319 φ
1235 2280 1276 2310 19
1312 2275 1495 2310 extinctus

156 2325 284 2368 scripse?
310 2323 514 2358 extinctum
539 2324 615 2358 edd.

1515 739 1550 764 10

1518 1033 1551 1059 15

1519 1317 1585 1368 2οῘ

1520 1621 1553 1647 25

1518 1915 1552 1942 30
