1591 2556
115 112 171 152 22
665 112 794 147 LIBRI
819 113 846 147 Ι.
873 113 906 147 Π

110 222 258 250 somno
297 223 381 249 non
413 209 506 249 cibo
539 211 759 264 grauabus⁷
797 212 968 250 cenatus
1007 209 1108 250 solis
1146 209 1302 251 fabulis
1334 212 1376 251 et
1407 210 1451 251 in

111 266 352 309 cubiculum
384 266 581 309 reuersus
611 270 779 322 optatae
810 283 877 310 me
911 269 1044 323 quieti
1076 268 1248 309 reddidi.

591 455 853 505 'LIBER
890 458 949 505 II.

197 573 227 614 I.
273 573 333 614 Vt
365 573 550 627 primum
582 576 705 614 nocte
739 574 928 614 discussa
960 573 1024 615 sol
1049 588 1186 615 nouus
1213 574 1324 616 diem
1349 575 1451 616 fecit

109 636 152 673 et:
184 647 331 674 somno
364 632 493 673 simul
523 647 710 673 emersus
743 636 784 674 et
816 632 984 686 lectulo,
1016 633 1166 674 anxius
1193 633 1381 688 alioquin
1410 637 1452 675 et

111 691 236 732 nimis
263 691 440 745 cupidus
467 691 748 746 cognoscendi
775 706 880 746 quae
906 707 1001 732 rara
1031 692 1222 746 miraque
1249 695 1360 747 sunt,
1391 708 1451 734 re·
1471 709 1486 734 5

108 753 347 804 putansque
378 766 445 791 me
478 750 615 791 media
640 750 882 792 Thessaliae
913 751 1006 792 loca
1037 754 1200 805 benere,
1232 750 1451 806 quo'artis

108 810 296 864 magicae
317 810 463 850 natiua
483 810 721 850 cantamina
740 810 872 851 totius
899 810 1014 851 orbis
1040 825 1224 852 consono
1251 825 1322 852 ore
1349 810 1451 852 cele-

108 868 296 922 brentur,
326 868 598 923 fabulamque
631 868 746 910 illam
779 869 930 923 optimi
969 870 1135 910 comitis
1167 869 1451 911 Aristomenis

110 927 159 968 de
192 928 277 968 situ
310 928 498 968 ciuitatis
530 928 657 969 huius
690 931 892 982 exortam,
925 943 1155 982 suspensus
1188 928 1378 985 alioquin
1410 931 1452 970 et

107 989 210 1028 uoto
237 986 366 1027 simul
392 990 434 1028 et
453 987 593 1028 studio
614 987 777 1028 curiose
804 987 972 1042 singula
998 987 1324 1029 considerabam.
1375 1003 1451 1029 nec
1472 1006 1505 1030 ιο

107 1045 190 1086 fuit
231 1046 274 1086 in
315 1045 389 1086 illa
430 1046 604 1087 ciuitate
645 1046 758 1100 quod
797 1047 1004 1101 aspiciens
1042 1046 1085 1087 id
1116 1061 1206 1088 esse
1238 1047 1450 1088 crederem

109 1105 222 1158 quod
242 1108 364 1159 esset,
391 1105 465 1146 sed
496 1105 637 1146 omnia
667 1120 842 1159 prorsus
867 1105 989 1146 ferali
1014 1120 1229 1146 murmure
1255 1106 1299 1146 in
1325 1105 1451 1147 aliam

108 1163 294 1218 effigiem
326 1163 548 1218 translata,
591 1167 640 1205 ut
683 1167 725 1205 et
761 1164 922 1218 lapides
967 1179 1074 1218 quos
1115 1164 1369 1206 offenderem
1402 1165 1451 1206 de

107 1222 278 1264 homine
300 1223 472 1280 duratos
493 1226 534 1264 et
555 1237 654 1264 aues
675 1238 779 1277 quas
807 1224 863 1278 [p.
882 1224 946 1264 18.
960 1223 1029 1278 Ε.]
1057 1223 1245 1265 audirem
1265 1223 1451 1265 indidem

108 1281 319 1335 plumatas
351 1284 393 1323 et
425 1282 595 1323 arbores
622 1297 727 1336 quae
754 1283 990 1336 pomerium
1016 1282 1225 1324 ambirent
1252 1282 1451 1324 similiter
1470 1299 1503 1325 15

107 1340 276 1382 foliatas
303 1344 345 1382 eb
369 1342 567 1382 fontanos
587 1341 733 1383 latices
755 1342 804 1383 de
825 1341 1073 1396 corporibus
1094 1341 1291 1383 humanis
1311 1342 1449 1383 fluxos

108 1400 330 1441 crederem.
376 1401 460 1441 iam
492 1403 654 1441 statuas
681 1404 724 1442 et
750 1401 955 1456 imagines
988 1401 1237 1455 incessuras,
1267 1401 1449 1455 parietes

107 1457 342 1513 locuturos,
382 1459 513 1500 boues
555 1462 596 1500 et
633 1460 677 1500 id
714 1474 846 1515 genus
887 1474 1019 1513 pecua
1059 1460 1244 1501 dicturas
1286 1474 1449 1514 praesa-

109 1517 245 1572 gium,
286 1518 335 1559 de
367 1518 460 1572 ipso
493 1533 594 1559 uero
627 1519 741 1559 caelo
774 1522 816 1560 et
848 1519 1007 1559 iubaris
1042 1519 1143 1560 orbe
1175 1519 1318 1560 subito
1351 1533 1449 1560 uen-

109 1579 252 1617 turum
286 1577 514 1618 oraculum.
1471 1595 1505 1620 20

195 1634 248 1676 Π.
312 1635 381 1677 Sic
413 1636 638 1689 abbonibus,
679 1637 809 1677 immo
851 1651 951 1677 uero
993 1637 1212 1678 cruciabili
1244 1636 1449 1678 desiderio

109 1695 304 1748 stupidus
343 1694 460 1736 nullo
494 1695 662 1749 quidem
695 1696 818 1736 initio
857 1695 926 1737 uel
958 1696 1129 1737 omnino
1167 1696 1350 1752 uestigio
1383 1711 1449 1737 cu-

108 1753 264 1806 pidinis
297 1768 413 1795 meae
445 1757 613 1808 reperto
646 1757 797 1795 cuncta
829 1755 1102 1796 circumibam
1134 1758 1286 1796 tamen.
1350 1755 1450 1796 dum

107 1813 266 1854 incessu
298 1813 482 1855 instabili
505 1813 713 1866 potulcnto
751 1813 902 1855 similis
936 1814 1124 1855 ostiatim
1155 1813 1324 1869 singula
1358 1828 1449 1868 per-

209 1967 229 1997 3
261 1976 624 1999 METHAMORPHOSEON.
658 1978 725 1999 Lm.
752 1978 764 1998 1
803 1965 902 2010 prl.
927 1966 929 2009 Ι
959 1977 1061 1998 mch.
1094 1977 1131 1999 11.
1163 1976 1346 1998 ramma-ER
1384 1964 1449 2008 Fm

109 2014 129 2044 3
155 2012 197 2044 ut
222 2022 256 2055 p.
284 2011 381 2056 szg
424 2013 464 2046 at
494 2012 653 2056 primum
686 2014 708 2047 δ
828 2016 848 2046 6
879 2011 1070 2047 Thessalie
1096 2012 1123 2045 F
1167 2010 1339 2046 Thesalie
1372 2011 1450 2056 q1¹g

111 2061 153 2091 15
192 2057 333 2092 ambire
371 2058 417 2092 ΕΙ
460 2059 606 2093 abirent
638 2073 665 2103 φ
787 2063 830 2093 22
862 2058 974 2094 inicio
1007 2059 1034 2093 F
1154 2062 1198 2092 23
1229 2060 1377 2102 reporto
1403 2058 1450 2092 F¹

109 2106 243 2139 cuncta
269 2119 296 2149 φ
418 2105 659 2140 circumibam
690 2108 817 2141 tamen
848 2107 937 2141 Bsn.
979 2105 1229 2140 circumibam.
1256 2107 1382 2140 tamen
1407 2105 1448 2140 E.

109 2152 154 2195 cf.
182 2151 272 2186 Luc.
300 2152 404 2186 Asin.
433 2156 511 2187 571.
552 2154 610 2188 ·In
635 2153 663 2186 F
694 2166 717 2188 α
748 2155 923 2189 uocabulo
955 2152 1124 2198 stupidus
1157 2155 1228 2197 (22)
1260 2163 1370 2197 usque
1401 2154 1450 2188 ad

109 2198 325 2244 quampiam
351 2202 397 2244 (p.
412 2204 467 2243 ⁶23,
480 2201 514 2244 2>
532 2201 607 2235 alia
624 2212 765 2243 manus,
788 2212 861 2235 ozon
878 2202 1058 2245 scriptura
1077 2200 1367 2246 Lonyobardica,
1391 2201 1451 2235 sed

109 2247 313 2282 minuscula
344 2258 432 2281 usus
462 2248 599 2282 hiatum
633 2248 800 2292 expleuit.
852 2248 911 2282 Εα
943 2259 1072 2287 manus
1104 2248 1144 2281 in
1180 2247 1328 2292 reliquis
1364 2258 1450 2282 ‘nus-

108 2305 215 2337 quam
247 2295 418 2337 recurrit,
451 2306 541 2339 quae
577 2306 661 2330 uero
691 2296 834 2339 scripsit
864 2306 1022 2340 prorsus
1044 2295 1274 2329 consentiunt
1309 2305 1387 2328 cum
1421 2307 1449 2338 φ

110 2344 155 2374 24
180 2340 326 2375 incessu
346 2340 517 2376 instabili
536 2341 730 2386 potulento
753 2341 884 2376 similis
912 2340 1086 2387 temptaui
1110 2342 1154 2384 cf.
1172 2345 1225 2376 93,
1244 2345 1284 2375 17
1307 2346 1338 2376 et
1358 2345 1412 2375 21.
1428 2343 1449 2375 8
