1591 2556
134 80 218 121 180
677 80 806 116 LIBRI
830 80 915 116 Vm

133 177 237 218 bens
270 191 320 218 ex
353 176 498 218 eodem
530 176 746 218 famulitio
775 192 1020 219 conseruam
1052 178 1288 233 coniugam,
1319 179 1476 222 liberae

136 235 358 278 cuiusdam
385 236 675 289 extrariaeque
702 236 891 278 mulieris
918 237 1125 292 flagrabat
1151 237 1358 292 cupidine.
1392 253 1475 293 quo

137 294 280 336 dolore
321 295 553 349 paelicatus
598 309 705 336 uxor
746 295 834 337 eius
876 296 1075 337 instincta
1118 299 1290 337 cunctas
1333 297 1477 338 mariti

134 354 319 395 rationes
358 356 399 395 et
441 354 644 408 quicquid
686 354 837 396 horreo
876 354 1140 396 reconditum
1180 355 1477 398 continebatur

136 413 306 454 admoto
341 413 575 454 combussit
607 413 714 468 igne.
765 428 841 455 nec
873 414 949 454 tali
983 414 1134 455 damno
1167 414 1250 455 tori
1283 415 1348 456 sui
1380 429 1474 456 con·
1513 433 1528 458 5

137 472 356 513 tumeliam
388 472 625 513 uindicasse
652 475 849 513 contenta
882 473 964 513 iam
997 475 1144 514 contra
1176 488 1252 514 sua
1283 473 1474 516 saeuiens

134 532 296 573 uiscera
332 531 531 585 laqueum
570 531 651 572 sibi
689 532 821 573 nectit
859 531 1217 586 infantulumque,
1257 547 1382 587 quem
1424 533 1474 574 de

135 590 280 631 eodem
319 590 473 631 marito
506 590 589 631 iam
623 590 780 631 dudum
813 594 1072 645 susceperat,
1106 591 1252 632 eodem
1283 591 1473 634 funiculo

133 650 266 690 nectit
304 664 431 703 seque
463 664 538 703 per
570 649 824 690 altissimum
856 653 1044 704 puteum,
1077 650 1350 704 adpendicem
1380 665 1475 705 par-

136 708 282 749 uulum
332 708 504 749 trahens
548 709 809 763 praecipitat.
872 724 998 763 quam
1047 712 1227 750 mortem
1278 709 1474 751 dominus
1496 728 1528 753 10

134 782 279 809 eorum
325 768 555 823 aegerrime
600 768 812 809 sustinens
858 769 1078 822 adreptum
1122 768 1357 822 seruulum,
1401 768 1474 824 qui

134 841 303 868 causam
342 827 449 867 tanti
489 826 657 868 sceleris
696 827 819 868 uxori
857 842 955 868 suae
995 828 1283 882 praestiterat,
1314 827 1475 869 nudum

135 900 182 927 ac
231 888 370 927 totum
425 885 550 927 melle
605 886 807 940 perlitum
856 886 1035 927 firmiter
1085 886 1280 941 alligauit
1335 886 1475 928 arbori

134 944 354 999 ficuhieae,
393 945 511 986 cuius
552 945 595 985 in
627 945 719 998 ipsa
758 945 919 986 cariosa
957 945 1101 999 stipite
1143 945 1475 987 inhabitantium

132 1004 405 1045 formicarum
438 1004 624 1045 nidificia
656 1004 876 1045 borribant
907 1007 949 1045 et
980 1004 1091 1045 ultro
1125 1005 1229 1046 citro
1272 1019 1475 1046 commea·
1496 1022 1528 1048 15

133 1063 237 1103 bant
277 1062 505 1117 multiiuga
547 1063 838 1117 scaturrigine.
902 1077 1008 1117 quae
1050 1063 1176 1104 simul
1221 1063 1384 1105 dulcem
1429 1078 1476 1105 ac

133 1121 345 1163 mellitum
387 1122 574 1175 corporis
613 1122 1171 1177 nidorem-persentiscunt,
1203 1123 1346 1176 paruis
1386 1123 1475 1177 qui-

136 1181 229 1222 dem
268 1181 340 1222 sed
378 1181 614 1222 numerosis
647 1184 688 1221 et
727 1181 939 1222 continuis
970 1181 1269 1222 morsiunculis
1306 1181 1476 1235 penitus

136 1240 416 1294 inhaerentes,
441 1255 516 1294 per
540 1239 658 1294 longi
685 1240 889 1294 temporis
917 1240 1151 1282 cruciatum
1177 1241 1248 1294 ita,
1280 1240 1476 1282 carnibus

135 1302 260 1353 atque
281 1299 386 1353 ipsis
407 1299 640 1340 uisceribus
656 1299 804 1353 adesis,
824 1299 994 1340 homine
1016 1302 1266 1354 consumpto
1287 1299 1476 1341 membra
1496 1318 1529 1343 20

134 1358 359 1412 nudarunt,
391 1360 438 1399 ut
471 1373 566 1400 ossa
597 1361 764 1399 tantum
796 1358 970 1399 uiduata
1000 1358 1142 1413 pulpis
1174 1358 1311 1400 nitore
1342 1359 1474 1400 nimio

136 1417 358 1458 candentia
388 1417 580 1458 funestae
613 1417 885 1459 cohaererent
917 1417 1067 1458 arbori.

224 1475 382 1517 XXIII.
432 1475 523 1518 Hac
561 1491 728 1531 quoque
768 1476 1007 1518 detestabili
1046 1476 1210 1518 deserta
1247 1476 1477 1531 mansione,

135 1549 324 1590 paganos
351 1535 395 1576 in
421 1550 585 1576 summo
611 1535 729 1576 luctu
756 1535 1042 1590 relinquentes
1064 1550 1234 1576 rursum
1260 1535 1477 1590 pergimus

138 1594 287 1648 dieque
328 1597 419 1635 tota
456 1597 712 1648 campestres
758 1595 917 1636 emensi
958 1594 1048 1636 uias
1088 1594 1304 1636 ciuitatem
1349 1609 1476 1649 quan·
1496 1611 1529 1638 25

138 1654 233 1694 dam
260 1653 509 1707 populosam
537 1657 577 1694 et
602 1653 789 1695 nobilem
815 1654 898 1695 iam
924 1653 1026 1694 fessi
1051 1654 1332 1707 peruenimus.
1371 1653 1477 1694 inibi

137 1712 268 1754 larem
308 1712 510 1766 sedesque
542 1716 767 1767 perpetuas
800 1716 991 1767 pastores
1023 1712 1086 1753 illi
1124 1715 1308 1754 statuere
1341 1712 1477 1754 decer-

218 1903 233 1932 1
250 1899 425 1934 familitio
441 1899 553 1942 Fq>16
572 1900 877 1943 cf.18.11;102.4
951 1898 1148 1944 coniugam
1161 1899 1277 1942 Ftpld'
1295 1899 1477 1942 cfi99.28;

142 1973 270 2003 163.11
331 1974 350 2003 2
365 1955 533 2016 flagrabat
546 1970 573 2003 F
630 1973 649 2003 3
663 1969 842 2004 instincta
856 1970 996 2005 Aldina
1020 1969 1192 2004 instricta
1203 1969 1328 2005 cddE.
1338 1984 1346 2013 3
1358 1970 1480 2004 eadem

141 2018 341 2061 corruptela
374 2018 554 2052 obtinebat
585 2018 668 2052 olim
702 2021 778 2052 165.
795 2021 856 2060 ‘223
882 2018 927 2061 cf.
953 2021 1008 2051 40.
1024 2021 1084 2061 213
1113 2020 1225 2052 169.8
1348 2020 1389 2050 11
1423 2027 1480 2051 ar-

141 2090 286 2132 reptum
313 2088 362 2121 ad
393 2088 580 2122 seruulum
606 2088 633 2122 F
673 2089 860 2132 arreptum
887 2065 926 2107 3³51
946 2087 1134 2122 seruulum
1158 2096 1188 2129 φ
1286 2091 1329 2121 15
1363 2086 1480 2122 borri-

142 2170 233 2204 bant
259 2170 430 2214 S(auppe)
456 2172 673 2213 cf.119.15;
702 2174 835 2205 190.11
862 2144 1056 2205 borribant
1082 2171 1115 2214 (e
1142 2171 1223 2205 add.
1246 2182 1288 2204 m.
1310 2181 1389 2214 rec„
1407 2181 1481 2206 non

137 2218 261 2261 prima
287 2222 327 2252 ut
347 2221 458 2261 putat
483 2217 537 2261 E.)
564 2217 591 2250 F
635 2217 836 2252 buriebant
861 2218 920 2261 φὸ
962 2216 1179 2252 borriebant
1204 2217 1244 2251 E.
1343 2221 1386 2252 20
1416 2217 1481 2252 ad·

142 2264 313 2346 ἓθεξωιῖἕὲ
339 2264 453 2347 gezez?
471 2265 771 2347 {isgorztanculam
791 2266 864 2308 fere
882 2266 1050 2309 'repetiuit
1070 2264 1105 2299 S.
1127 2264 1382 2310 Hieronymus.
1409 2264 1478 2300 Vit.
