1591 2556
140 105 196 147 52
714 104 841 138 LIBRI
867 103 917 138 III

224 200 318 242 VII.
382 200 497 242 Haec
536 200 728 255 profatus
766 215 935 241 rursum
974 199 1160 241 lacrimis
1195 200 1356 242 obortis
1388 215 1481 255 por-

135 261 346 315 rectisque
379 260 421 301 in
454 275 543 314 pre·
577 260 634 314 [p.
655 259 722 299 43.
745 259 812 313 E]
846 274 914 300 ces
941 259 1136 300 manibus
1168 273 1243 313 per
1268 259 1481 313 publicam

138 319 489 373 misericordiam,
528 333 601 373 per
632 318 860 373 pignorum
902 318 1121 359 caritatem
1163 320 1348 359 maestus
1381 321 1481 360 tunc

137 379 217 420 hos
262 381 362 419 tunc
408 378 504 419 illos
549 377 813 431 deprecabar.
875 391 1054 431 cumque
1093 377 1175 417 iam
1217 377 1481 420 humanitate

137 440 394 490 commotos,
434 436 721 477 misericordia
762 436 938 477 fletuum
981 435 1168 477 adfectos
1208 437 1346 477 omnis
1378 437 1517 481 satis5

137 497 362 550 crederem,
396 495 508 537 Solis
541 498 583 537 et
614 494 808 536 Iustitiae
841 497 1022 536 testatus
1055 494 1222 536 oculum
1256 510 1483 550 casumque

138 558 402 610 praesentem
425 569 565 595 meum
580 554 878 595 commendans
894 554 1018 594 deum
1032 554 1336 608 prouidentiae,
1356 554 1482 609 paulo
1587 561 1591 577 ¹

137 615 266 656 altius
299 616 472 668 aspectu
504 613 612 655 clato
645 613 859 667 conspicio
892 627 1066 667 prorsus
1092 615 1231 654 totum
1258 613 1482 668 populum:
1523 614 1531 619 ”

139 675 227 715 risu
261 672 543 715 cachinnabili
570 672 822 713 diffluebant
841 697 898 700 —
923 686 1000 713 nec
1026 686 1145 713 secus
1177 671 1298 713 illum
1325 672 1483 714 bonum

138 733 353 787 hospitem
397 734 698 786 parentemque
744 745 883 772 meum
923 731 1125 772 Milonem
1170 731 1258 772 risu
1299 732 1484 773 maximo
1506 750 1538 776 10

139 791 406 833 dissolutum.
470 793 513 831 at
551 793 651 832 tunc
685 790 744 831 sic
783 790 937 831 tacitus
969 805 1134 831 mecum
1173 790 1239 831 ‘en
1271 790 1392 832 fides'
1424 791 1484 832 in-

141 866 267 906 quam
301 851 367 891 een
401 850 654 891 constantia:
700 863 778 904 ego
812 849 982 903 quidem
1020 864 1096 903 pro
1135 849 1318 904 hospitis
1350 849 1485 891 salute

140 913 183 951 et
213 909 426 950 homicida
459 924 552 950 sum
586 912 628 950 et
660 923 755 949 reus
788 908 939 962 capitis
978 909 1170 961 inducor,
1212 911 1255 949 at
1292 908 1363 950 ille
1401 923 1486 950 non

143 971 367 1011 contentus
395 968 508 1022 quod
534 968 639 1009 mihi
666 982 741 1009 nec
768 967 1000 1008 adsistendi
1028 967 1231 1009 solacium
1259 967 1486 1022 perhibuit,

142 1029 316 1081 insuper
349 1027 525 1068 exitium
559 1042 699 1067 meum
732 1026 983 1067 cachinnat?
1025 1028 1030 1032 ”
1507 1044 1539 1071 15

230 1085 348 1127 VIII.
393 1085 511 1127 Inter
535 1086 637 1127 haec
665 1086 870 1140 quaedam
902 1085 1055 1126 mulier
1087 1100 1160 1139 per
1187 1085 1372 1126 medium
1398 1085 1486 1127 the-

143 1149 282 1187 atrum
314 1145 539 1186 lacrimosa
579 1147 621 1186 et
653 1144 824 1198 flebilis,
863 1146 954 1185 atra
990 1146 1108 1185 ueste
1148 1147 1357 1198 contecta,
1395 1159 1486 1199 par-

143 1205 292 1246 uulum
332 1205 540 1259 quendam
580 1204 675 1245 sinu
717 1203 902 1244 tolerans
941 1203 1126 1244 decurrit
1164 1218 1211 1244 ac
1248 1218 1357 1257 pone
1395 1218 1487 1245 eam

143 1278 248 1305 anus
293 1264 374 1304 alia
417 1263 568 1317 pannis
611 1262 795 1303 horridis
840 1262 979 1303 obsita
1027 1262 1284 1317 paribusque
1327 1265 1488 1304 maesta

144 1323 333 1376 fletibus,
376 1337 516 1363 ramos
555 1322 796 1376 oleagineos
840 1324 1042 1375 utraeque
1082 1322 1337 1376 quatientes,
1381 1336 1486 1377 quae
1507 1340 1542 1365 20

146 1383 425 1424 circumfusae
457 1381 673 1435 lectulum,
706 1395 788 1435 quo
822 1383 1137 1434 peremptorum
1165 1381 1368 1422 cadauera
1394 1395 1488 1423 con-

145 1443 255 1483 iecta
286 1442 466 1494 fuerant,
497 1440 699 1495 plangore
726 1439 894 1480 sublato
922 1455 964 1480 se
990 1439 1230 1494 lugubriter
1254 1439 1488 1481 heiulantes

146 1500 236 1555 eper
268 1499 480 1554 publicam
514 1499 856 1552 misericordiam,
887 1514 962 1552 per
993 1513 1213 1540 commune
1247 1498 1312 1540 ius
1343 1499 1488 1540 huma-

147 1559 311 1601 nitatis'
352 1559 470 1599 aiunt
508 1558 782 1599 ‘miseremini
813 1557 986 1611 indigne
1030 1572 1246 1598 caesorum
1288 1558 1488 1599 iuuenum

147 1620 399 1671 nostraeque
432 1617 631 1658 uiduitati
664 1632 711 1657 ac
743 1616 963 1657 solitudini
996 1616 1045 1657 de
1071 1617 1259 1671 uindicta
1285 1617 1488 1659 solacium
1508 1633 1541 1660 25
1590 1655 1591 1659 ,

148 1677 253 1718 date.
305 1679 416 1718 certe
443 1676 610 1731 paruuli
635 1676 761 1717 huius
794 1675 837 1716 in
863 1675 1011 1729 primis
1039 1676 1159 1716 annis
1186 1676 1380 1717 destituti
1406 1676 1487 1717 for-

148 1737 263 1777 tunis
297 1736 528 1777 succurrite
561 1738 602 1776 et
635 1736 683 1776 de
715 1735 893 1775 latronis
925 1734 1051 1775 huius
1084 1735 1287 1790 sanguine
1321 1735 1488 1790 legibus

148 1795 303 1837 uestris
336 1798 377 1836 et
410 1794 655 1849 disciplinae
687 1793 879 1848 publicae
911 1793 1059 1834 litate.'

238 1854 342 1895 Post
372 1854 474 1895 haec
507 1854 783 1909 magistratus
816 1853 888 1907 qui
920 1854 1022 1893 natu
1057 1853 1192 1893 maior
1223 1853 1416 1908 adsurgit
1447 1855 1489 1894 et
1590 1901 1591 1904 Ἴ

150 1913 201 1954 ad
233 1912 437 1967 populum
463 1913 565 1954 talia
597 1913 661 1953 ede
695 1912 849 1953 scelere
882 1911 1069 1966 quidem,
1109 1912 1221 1965 quod
1259 1912 1368 1953 serio
1401 1910 1490 1953 uin·
1510 1928 1545 1954 3⁰

152 1972 375 2013 dicandum
410 1976 490 2026 est,
535 1987 610 2013 nec
648 1972 738 2025 ipse
777 1971 850 2025 qui
888 1970 1101 2011 commisit
1132 1974 1274 2024 potest
1305 1970 1491 2024 diffiteri,

1585 290 1591 325 1

248 2128 267 2157 Γ)
296 2123 374 2159 ofiis
402 2126 444 2168 (“
469 2124 553 2158 111111.
579 2135 623 2157 m.
647 2135 672 2157 r.
694 2123 784 2164 fnit:
812 2121 959 2156 adfecto
987 2121 1102 2165 sonis3
1131 2127 1208 2156 onis
1236 2135 1262 2165 φ
1361 2125 1380 2156 6
1409 2133 1493 2157 ocu·
1589 2149 1591 2188 1

154 2194 231 2228 lum
255 2194 281 2227 F
309 2196 358 2239 (m
387 2195 421 2227 sn
452 2195 535 2237 ras)
563 2193 671 2227 oculu
698 2194 759 2235 φὸ
856 2197 875 2226 3
909 2192 1008 2227 elato
1040 2203 1101 2237 eyo
1134 2192 1180 2227 R.
1201 2193 1234 2227 (1.
1257 2193 1342 2235 Plu,
1369 2193 1494 2228 Rohde
1579 2196 1591 2241 [1

156 2241 272 2276 relato
287 2242 397 2286 1111191)
447 2245 466 2274 9
489 2240 709 2274 diffluebant
729 2240 756 2272 F
765 2248 794 2282 φ
823 2239 1044 2274 defluentem
1063 2241 1086 2273 ὃ
1137 2243 1176 2273 11
1200 2250 1242 2273 ac
1265 2248 1293 2282 φ
1346 2244 1388 2274 12
1409 2251 1494 2274 con·
1579 2248 1580 2251 ’

156 2288 296 2323 stantia
315 2289 445 2333 scripsi
470 2286 696 2322 conscientia
717 2288 794 2321 edd.
872 2291 913 2321 18
941 2286 1101 2322 decussit
1121 2287 1199 2321 cdd.
1274 2291 1329 2320 21.
1345 2291 1388 2321 22
1409 2298 1494 2322 con-

157 2336 253 2370 iecta
278 2337 407 2381 scripsi
432 2336 475 2378 ef.
504 2338 617 2369 41119
645 2336 813 2368 contecta
840 2335 918 2369 cdd.
1017 2337 1059 2367 22
1084 2333 1335 2379 *planguore*
1360 2333 1388 2368 F
