1591 2556
531 77 633 113 CAP.
658 77 861 112 XI—XIHI
887 83 892 87 ·
1292 75 1374 117 173

28 174 89 215 sic
138 174 314 228 pudicae
363 174 531 215 mulieri
575 174 639 215 tui
682 174 933 227 placuerunt
978 173 1107 226 oculi,
1153 174 1213 215 sic
1263 174 1374 215 faces

27 233 239 287 nuptiales
272 236 367 274 tuos
399 233 695 274 illuminarunt
725 232 947 273 thalamos.
980 231 1165 273 Vltrices
1198 233 1374 274 habebis

27 293 242 346 pronubas
275 295 316 333 et
348 293 574 333 orbitatem
602 292 800 334 comitem
828 294 869 332 et
900 294 1129 345 perpetuae
1162 293 1374 333 conscien-

30 351 113 392 tiae
146 351 394 392 stimulum.’

116 409 232 452 XIII.
282 409 350 451 Ad
381 410 493 451 hunc
526 410 698 451 modum
730 410 962 450 uaticinata
999 409 1154 451 mulier
1189 425 1265 451 acu
1299 411 1374 451 cri-

27 469 113 510 nali
151 469 288 523 capite
327 470 577 524 deprompta
615 469 829 523 Thrasylli
868 468 1147 510 conuulnerat
1185 472 1277 510 tota
1314 469 1375 510 lu-

26 528 142 569 mina
191 543 370 583 eumque
421 543 595 583 prorsus
642 528 911 569 exoculatum
961 527 1222 582 relinquens,
1274 528 1375 569 duni

27 587 171 628 dolore
215 588 356 629 nescio
396 588 610 642 crapulam
649 602 743 628 cum
783 602 931 628 somno
971 587 1164 642 discutit,
1201 589 1375 642 adrepto

26 646 139 687 nudo
173 646 314 701 gladio
349 662 431 701 quo
466 662 508 688 se
540 646 811 700 Tlepolemus
844 646 1008 687 solebat
1041 647 1270 701 incingere,
1302 662 1377 701 per

27 705 210 747 mediam
255 706 472 747 ciuitatem
517 720 641 747 cursu
686 705 847 746 furioso
892 705 1075 760 proripit
1120 722 1182 760 se,
1227 706 1376 760 procul

28 765 156 805 dubio
189 765 331 806 nescio
365 765 477 819 quod
504 765 640 806 scelus
673 765 860 819 gestiens
887 766 977 819 <et>
1004 768 1118 806 recta
1143 766 1376 806 monimen-

27 827 119 864 tum
158 825 300 865 mariti
340 824 568 866 contendit.
627 827 669 864 at
707 839 784 865 nos
823 827 865 865 et
904 824 1041 864 omnis
1081 824 1283 878 populus,
1314 826 1376 865 ui-

28 883 166 924 duatis
223 884 326 924 totis
383 883 556 924 aedibus
607 883 795 924 studiose
846 884 1162 938 consequimur,
1214 884 1376 925 hortati

26 945 176 983 mutuo
208 942 367 983 ferrum
399 943 593 984 uaesanis
627 946 878 996 extorquere
909 943 1118 983 manibus.
1164 943 1238 984 sed
1271 942 1374 984 Cha-

29 1001 109 1042 rite
155 1001 352 1055 capulum
397 1001 631 1056 Tlepolemi
678 1004 853 1056 propter
897 1002 1099 1043 assistens
1151 1002 1377 1056 gladioque

29 1060 211 1115 fulgenti
245 1060 436 1115 singulos
470 1061 663 1115 abigens,
695 1061 769 1101 ubi
800 1061 926 1102 fletus
959 1061 1108 1102 uberes
1141 1065 1183 1102 et
1220 1061 1376 1102 lamen-

28 1120 211 1160 tationes
244 1120 383 1160 uarias
417 1123 666 1161 cunctorum
698 1120 890 1160 intuetur

117 1178 317 1220 ‘Abicite'
339 1179 479 1233 inquit
500 1179 781 1233 <importunas
801 1179 1010 1233 lacrimas,
1031 1179 1185 1220 abicite
1211 1179 1374 1220 luctum

28 1238 134 1279 meis
167 1238 402 1279 uirtutibus
436 1238 631 1279 alienum.
656 1238 885 1279 ‘uindicaui
917 1238 961 1278 in
992 1239 1076 1279 mei
1108 1238 1252 1279 mariti
1285 1253 1373 1279 cru-

30 1299 175 1337 entum
201 1312 359 1351 perem-
388 1297 445 1351 [p.
463 1297 556 1338 143.
572 1297 640 1351 E]
667 1300 845 1351 ptorem,
872 1297 1021 1350 punita
1045 1312 1138 1338 sum
1158 1298 1375 1339 funestum

28 1370 216 1397 mearum
261 1357 507 1410 nuptiarum
552 1357 818 1410 praedonem.
875 1356 959 1396 iam
1004 1360 1172 1411 tempus
1219 1360 1283 1398 est
1327 1360 1375 1397 ut

27 1414 109 1456 isto
143 1415 284 1468 gladio
317 1414 491 1457 deorsus
525 1416 576 1456 ad
607 1430 748 1456 meum
778 1415 1071 1469 Tlepolemum
1104 1416 1218 1457 uiam
1252 1431 1374 1470 quae-

28 1474 145 1515 ram.’
186 1473 326 1516 XIIII.
359 1478 401 1516 et
427 1475 632 1516 enarratis
660 1474 805 1515 ordine
833 1475 1013 1529 singulis
1047 1490 1153 1529 quae
1186 1475 1268 1516 sibi
1300 1490 1376 1529 per

29 1533 240 1574 somnium
272 1534 545 1575 nuntiauerat
577 1533 756 1574 maritus
784 1548 952 1587 quoque
979 1537 1073 1574 astu
1101 1534 1375 1588 Thrasyllum

29 1592 249 1633 inductum
282 1594 472 1646 petisset,
502 1593 613 1634 ferro
647 1593 725 1634 sub
757 1592 960 1646 papillam
994 1593 1210 1634 dexteram
1242 1597 1375 1635 trans-

0 1651 175 1692 *adacto
220 1652 379 1693 corruit
423 1655 464 1694 et
508 1653 552 1693 in
597 1666 672 1693 suo
717 1652 799 1692 sibi
846 1652 1115 1706 peruolutata
1166 1653 1373 1707 sanguine

0 1708 1 1713 ’
27 1714 243 1764 postremo
275 1711 517 1752 balbutiens
550 1711 711 1752 incerto
738 1726 930 1752 sermone
963 1712 1162 1765 proflauit
1189 1713 1373 1753 animam

27 1769 206 1810 uirilem.
262 1773 363 1811 tunc
394 1765 572 1825 propere
604 1770 834 1811 familiares
873 1771 1052 1812 miserae
1086 1770 1279 1813 Charites
1314 1786 1375 1812 ac-

29 1829 294 1870 curatissime
332 1844 484 1884 corpus
525 1830 717 1870 ablutum
756 1829 924 1870 *inunita
962 1830 1181 1884 sepultura
1217 1831 1375 1872 ibidem

29 1888 182 1929 marito
213 1892 461 1942 perpetuam
495 1889 717 1943 coniugem
750 1889 977 1930 reddidere.

127 2007 144 2036 1
171 2003 285 2039 facies
313 2019 340 2047 φ
437 2010 457 2039 3
483 2005 629 2049 pnubas
657 2018 684 2047 φ
783 2007 802 2038 6
837 2005 1071 2051 deprompta]
1107 2005 1220 2040 detra
1247 2006 1273 2039 F
1300 2006 1374 2050 (Ita

34 2052 246 2095 ‘rescriptum
265 2055 327 2096 est)
354 2052 505 2097 dempta
526 2065 552 2095 φ
580 2054 623 2095 cf.
640 2056 751 2086 56.13
832 2057 851 2086 9
880 2052 1046 2087 dolorem
1066 2053 1092 2086 F
1102 2067 1129 2096 φ
1212 2057 1253 2087 11
1282 2054 1377 2099 (et)

33 2098 172 2132 inserui
243 2102 345 2134 recta
378 2101 532 2135 Ursinus
552 2102 653 2133 secta
679 2099 746 2141 Εφ
774 2101 853 2144 (del.
875 2101 912 2134 ’ίη
934 2100 975 2143 F)
1001 2112 1066 2134 om.
1090 2102 1144 2145 ὃς
1219 2104 1260 2134 12
1289 2111 1374 2134 0011-

33 2145 192 2213 temssnit
224 2184 251 2213 φ
361 2171 408 2204 ad
441 2184 467 2214 φ
580 2174 633 2204 12.
659 2174 701 2203 13
734 2169 900 2205 uiduatis
937 2171 1068 2206 Brcmt.
1114 2171 1265 2205 nudatis
1298 2171 1376 2205 cdd.

36 2218 79 2248 15
111 2215 285 2260 capulum
316 2226 345 2260 φ
391 2219 502 2262 caput
540 2217 631 2261 ng
777 2221 818 2251 19
857 2218 896 2252 111
934 2219 1018 2253 add.
1054 2220 1089 2252 in
1125 2232 1151 2261 φ
1184 2230 1227 2252 m.
1257 2230 1283 2251 ν.
1310 2229 1376 2251 om.

35 2263 89 2306 &g
114 2263 201 2298 Par.
276 2269 319 2299 ‘26
345 2265 508 2299 Ecorruit
534 2264 630 2308 Ὲφδ
638 2276 663 2309 g
735 2269 778 2298 ‘27
804 2265 981 2309 proflauit
1007 2266 1104 2300 Prie.
1139 2264 1271 2309 pflauit
1298 2266 1375 2299 cdd.

34 2312 78 2342 29
105 2309 251 2344 inunita
277 2313 299 2345 ὃ
325 2312 449 2347 Rohde
475 2313 518 2355 cf.
536 2315 613 2346 222.
630 2316 671 2345 21
711 2312 855 2346 munita
882 2312 908 2345 F
949 2312 1119 2347 abluti-im
1143 2351 1145 2356 .
1170 2312 1274 2346 nnita
1300 2326 1327 2356 φ
