<?xml version="1.0" encoding="UTF-8"?>
<!DOCTYPE html PUBLIC "-//W3C//DTD XHTML 1.0 Transitional//EN"
    "http://www.w3.org/TR/xhtml1/DTD/xhtml1-transitional.dtd">
<html xmlns="http://www.w3.org/1999/xhtml" xml:lang="en" lang="en">
 <head>
  <title>
</title>
<meta http-equiv="Content-Type" content="text/html;charset=utf-8" />
  <meta name='ocr-system' content='tesseract 3.04.00' />
  <meta name='ocr-capabilities' content='ocr_page ocr_carea ocr_par ocr_line ocrx_word'/>
</head>
<body>
  <div class='ocr_page' id='page_1' title='image "./metamorphoseonli00apuluoft/metamorphoseonli00apuluoft_0182.png"; bbox 0 0 1591 2556; ppageno 0'>
   <div class='ocr_carea' id='block_1_1' title="bbox 135 79 906 122">
    <p class='ocr_par' dir='ltr' id='par_1_1' title="bbox 135 79 906 122">
     <span class='ocr_line' id='line_1_1' title="bbox 135 79 906 122; baseline -0.013 0"><span class='ocrx_word' id='word_1_1' title='bbox 135 82 216 122; x_wconf 81' lang='lat'>146</span> <span class='ocrx_word' id='word_1_2' title='bbox 686 80 813 114; x_wconf 86' lang='lat' dir='ltr'>LIBRI</span> <span class='ocrx_word' id='word_1_3' title='bbox 838 79 906 114; x_wconf 78' lang='lat' dir='ltr'>vn</span> 
     </span>
    </p>
   </div>
   <div class='ocr_carea' id='block_1_2' title="bbox 132 173 1590 1940">
    <p class='ocr_par' dir='ltr' id='par_1_2' title="bbox 132 173 1590 1940">
     <span class='ocr_line' id='line_1_2' title="bbox 132 173 1486 231; baseline -0.003 -12"><span class='ocrx_word' id='word_1_4' title='bbox 132 177 324 219; x_wconf 88' lang='lat' dir='ltr'>uolentes</span> <span class='ocrx_word' id='word_1_5' title='bbox 356 177 549 231; x_wconf 82' lang='lat' dir='ltr'>accipite,</span> <span class='ocrx_word' id='word_1_6' title='bbox 580 176 782 218; x_wconf 88' lang='lat' dir='ltr'>libentius</span> <span class='ocrx_word' id='word_1_7' title='bbox 813 176 1023 229; x_wconf 74' lang='lat' dir='ltr'>&lt;pectore&gt;</span> <span class='ocrx_word' id='word_1_8' title='bbox 1054 175 1230 216; x_wconf 88' lang='lat' dir='ltr'>uulnera</span> <span class='ocrx_word' id='word_1_9' title='bbox 1261 173 1486 228; x_wconf 68' lang='lat' dir='ltr'>excipien-&#39;</span> 
     </span>
     <span class='ocr_line' id='line_1_3' title="bbox 133 234 1467 290; baseline -0.001 -14"><span class='ocrx_word' id='word_1_10' title='bbox 133 240 218 277; x_wconf 85' lang='lat' dir='ltr'>tem</span> <span class='ocrx_word' id='word_1_11' title='bbox 257 250 382 290; x_wconf 88' lang='lat' dir='ltr'>quam</span> <span class='ocrx_word' id='word_1_12' title='bbox 421 250 568 276; x_wconf 88' lang='lat' dir='ltr'>aurum</span> <span class='ocrx_word' id='word_1_13' title='bbox 606 250 732 276; x_wconf 88' lang='lat' dir='ltr'>manu</span> <span class='ocrx_word' id='word_1_14' title='bbox 771 234 1069 289; x_wconf 71' lang='lat' dir='ltr'>suscipientem</span> <span class='ocrx_word' id='word_1_15' title='bbox 1108 234 1282 288; x_wconf 84' lang='lat' dir='ltr'>ipsaque</span> <span class='ocrx_word' id='word_1_16' title='bbox 1318 236 1467 287; x_wconf 83' lang='lat' dir='ltr'>morte,</span> 
     </span>
     <span class='ocr_line' id='line_1_4' title="bbox 134 293 1467 349; baseline -0.002 -13"><span class='ocrx_word' id='word_1_17' title='bbox 134 309 260 349; x_wconf 87' lang='lat' dir='ltr'>quam</span> <span class='ocrx_word' id='word_1_18' title='bbox 280 294 510 335; x_wconf 85' lang='lat' dir='ltr'>formidant</span> <span class='ocrx_word' id='word_1_19' title='bbox 530 294 613 348; x_wconf 83' lang='lat' dir='ltr'>alii,</span> <span class='ocrx_word' id='word_1_20' title='bbox 638 294 867 335; x_wconf 88' lang='lat' dir='ltr'>meliorem.</span> <span class='ocrx_word' id='word_1_21' title='bbox 905 308 980 334; x_wconf 89' lang='lat' dir='ltr'>nec</span> <span class='ocrx_word' id='word_1_22' title='bbox 1006 308 1073 334; x_wconf 90' lang='lat' dir='ltr'>me</span> <span class='ocrx_word' id='word_1_23' title='bbox 1098 293 1256 347; x_wconf 88' lang='lat' dir='ltr'>putetis</span> <span class='ocrx_word' id='word_1_24' title='bbox 1288 306 1467 348; x_wconf 88' lang='lat' dir='ltr'>egenum</span> 
     </span>
     <span class='ocr_line' id='line_1_5' title="bbox 133 352 1467 407; baseline -0.002 -12"><span class='ocrx_word' id='word_1_25' title='bbox 133 354 202 395; x_wconf 89' lang='lat' dir='ltr'>uel</span> <span class='ocrx_word' id='word_1_26' title='bbox 252 353 461 395; x_wconf 88' lang='lat' dir='ltr'>abiectum</span> <span class='ocrx_word' id='word_1_27' title='bbox 505 368 610 394; x_wconf 92' lang='lat' dir='ltr'>neue</span> <span class='ocrx_word' id='word_1_28' title='bbox 654 353 703 394; x_wconf 90' lang='lat' dir='ltr'>de</span> <span class='ocrx_word' id='word_1_29' title='bbox 746 352 942 407; x_wconf 85' lang='lat' dir='ltr'>pannulis</span> <span class='ocrx_word' id='word_1_30' title='bbox 986 352 1080 393; x_wconf 87' lang='lat' dir='ltr'>istis</span> <span class='ocrx_word' id='word_1_31' title='bbox 1123 352 1304 393; x_wconf 80' lang='lat' dir='ltr'>uirtutes</span> <span class='ocrx_word' id='word_1_32' title='bbox 1352 365 1467 392; x_wconf 86' lang='lat' dir='ltr'>meas</span> 
     </span>
     <span class='ocr_line' id='line_1_6' title="bbox 135 410 1519 466; baseline 0 -12"><span class='ocrx_word' id='word_1_33' title='bbox 135 413 379 454; x_wconf 88' lang='lat' dir='ltr'>aestimetis.</span> <span class='ocrx_word' id='word_1_34' title='bbox 435 427 532 453; x_wconf 89' lang='lat' dir='ltr'>nam</span> <span class='ocrx_word' id='word_1_35' title='bbox 564 411 726 466; x_wconf 83' lang='lat' dir='ltr'>praefui</span> <span class='ocrx_word' id='word_1_36' title='bbox 758 411 1043 452; x_wconf 88' lang='lat' dir='ltr'>ualidissimae</span> <span class='ocrx_word' id='word_1_37' title='bbox 1074 410 1218 451; x_wconf 85' lang='lat' dir='ltr'>manui</span> <span class='ocrx_word' id='word_1_38' title='bbox 1249 412 1466 464; x_wconf 86' lang='lat' dir='ltr'>totamque</span> <span class='ocrx_word' id='word_1_39' title='bbox 1503 428 1519 454; x_wconf 88' lang='lat'>5</span> 
     </span>
     <span class='ocr_line' id='line_1_7' title="bbox 134 468 1467 526; baseline -0.002 -14"><span class='ocrx_word' id='word_1_40' title='bbox 134 486 308 526; x_wconf 91' lang='lat' dir='ltr'>prorsus</span> <span class='ocrx_word' id='word_1_41' title='bbox 353 471 571 512; x_wconf 87' lang='lat' dir='ltr'>deuastaui</span> <span class='ocrx_word' id='word_1_42' title='bbox 614 470 914 511; x_wconf 88' lang='lat' dir='ltr'>Macedoniam.</span> <span class='ocrx_word' id='word_1_43' title='bbox 972 483 1049 524; x_wconf 81' lang='lat' dir='ltr'>ego</span> <span class='ocrx_word' id='word_1_44' title='bbox 1089 484 1181 511; x_wconf 88' lang='lat' dir='ltr'>sum</span> <span class='ocrx_word' id='word_1_45' title='bbox 1218 469 1372 523; x_wconf 87' lang='lat' dir='ltr'>praedo</span> <span class='ocrx_word' id='word_1_46' title='bbox 1409 468 1467 509; x_wconf 85' lang='lat' dir='ltr'>fa-</span> 
     </span>
     <span class='ocr_line' id='line_1_8' title="bbox 135 527 1470 584; baseline -0.002 -13"><span class='ocrx_word' id='word_1_47' title='bbox 135 545 297 584; x_wconf 70' lang='lat' dir='ltr'>mosus,</span> <span class='ocrx_word' id='word_1_48' title='bbox 333 529 521 571; x_wconf 81' lang='lat' dir='ltr'>Haemus</span> <span class='ocrx_word' id='word_1_49' title='bbox 559 529 629 570; x_wconf 91' lang='lat' dir='ltr'>ille</span> <span class='ocrx_word' id='word_1_50' title='bbox 668 529 889 583; x_wconf 68' lang='lat' dir='ltr'>Thracius,</span> <span class='ocrx_word' id='word_1_51' title='bbox 921 529 1040 569; x_wconf 89' lang='lat' dir='ltr'>cuius</span> <span class='ocrx_word' id='word_1_52' title='bbox 1077 531 1191 570; x_wconf 87' lang='lat' dir='ltr'>totae</span> <span class='ocrx_word' id='word_1_53' title='bbox 1228 527 1470 582; x_wconf 86' lang='lat' dir='ltr'>prouinciae</span> 
     </span>
     <span class='ocr_line' id='line_1_9' title="bbox 134 586 1470 642; baseline -0.002 -12"><span class='ocrx_word' id='word_1_54' title='bbox 134 604 287 630; x_wconf 85' lang='lat' dir='ltr'>nomen</span> <span class='ocrx_word' id='word_1_55' title='bbox 319 588 582 642; x_wconf 72' lang='lat' dir='ltr'>horrescunt,</span> <span class='ocrx_word' id='word_1_56' title='bbox 613 590 731 642; x_wconf 88' lang='lat' dir='ltr'>patre</span> <span class='ocrx_word' id='word_1_57' title='bbox 751 588 943 629; x_wconf 82' lang='lat' dir='ltr'>Therone</span> <span class='ocrx_word' id='word_1_58' title='bbox 970 602 1099 642; x_wconf 87' lang='lat' dir='ltr'>aeque</span> <span class='ocrx_word' id='word_1_59' title='bbox 1130 587 1293 628; x_wconf 86' lang='lat' dir='ltr'>latrone</span> <span class='ocrx_word' id='word_1_60' title='bbox 1325 586 1470 628; x_wconf 82' lang='lat' dir='ltr'>inclito</span> 
     </span>
     <span class='ocr_line' id='line_1_10' title="bbox 136 645 1471 703; baseline -0.001 -15"><span class='ocrx_word' id='word_1_61' title='bbox 136 650 388 703; x_wconf 77' lang='lat' dir='ltr'>prognatus,</span> <span class='ocrx_word' id='word_1_62' title='bbox 424 647 609 688; x_wconf 88' lang='lat' dir='ltr'>humano</span> <span class='ocrx_word' id='word_1_63' title='bbox 649 647 853 702; x_wconf 82' lang='lat' dir='ltr'>sanguine</span> <span class='ocrx_word' id='word_1_64' title='bbox 890 647 1077 687; x_wconf 88' lang='lat' dir='ltr'>nutritus</span> <span class='ocrx_word' id='word_1_65' title='bbox 1120 646 1313 700; x_wconf 87' lang='lat' dir='ltr'>interque</span> <span class='ocrx_word' id='word_1_66' title='bbox 1356 645 1471 699; x_wconf 90' lang='lat' dir='ltr'>ipsos</span> 
     </span>
     <span class='ocr_line' id='line_1_11' title="bbox 136 704 1524 761; baseline 0 -13"><span class='ocrx_word' id='word_1_67' title='bbox 136 706 374 761; x_wconf 88' lang='lat' dir='ltr'>manipulos</span> <span class='ocrx_word' id='word_1_68' title='bbox 399 707 596 748; x_wconf 86' lang='lat' dir='ltr'>factionis</span> <span class='ocrx_word' id='word_1_69' title='bbox 623 706 835 760; x_wconf 80' lang='lat' dir='ltr'>educatus,</span> <span class='ocrx_word' id='word_1_70' title='bbox 866 705 987 746; x_wconf 87' lang='lat' dir='ltr'>heres</span> <span class='ocrx_word' id='word_1_71' title='bbox 1013 708 1055 746; x_wconf 90' lang='lat' dir='ltr'>et</span> <span class='ocrx_word' id='word_1_72' title='bbox 1083 704 1271 746; x_wconf 84' lang='lat' dir='ltr'>aemulus</span> <span class='ocrx_word' id='word_1_73' title='bbox 1297 704 1471 745; x_wconf 79' lang='lat' dir='ltr'>uirtutis</span> <span class='ocrx_word' id='word_1_74' title='bbox 1490 723 1524 749; x_wconf 88' lang='lat'>10</span> 
     </span>
     <span class='ocr_line' id='line_1_12' title="bbox 137 763 1471 820; baseline -0.002 -13"><span class='ocrx_word' id='word_1_75' title='bbox 137 769 346 820; x_wconf 82' lang='lat' dir='ltr'>paternae.</span> <span class='ocrx_word' id='word_1_76' title='bbox 390 764 463 806; x_wconf 89' lang='lat' dir='ltr'>VI.</span> <span class='ocrx_word' id='word_1_77' title='bbox 497 765 569 807; x_wconf 89' lang='lat' dir='ltr'>sed</span> <span class='ocrx_word' id='word_1_78' title='bbox 601 779 768 806; x_wconf 91' lang='lat' dir='ltr'>omnem</span> <span class='ocrx_word' id='word_1_79' title='bbox 799 765 1022 819; x_wconf 87' lang='lat' dir='ltr'>pristinam</span> <span class='ocrx_word' id='word_1_80' title='bbox 1055 764 1264 805; x_wconf 88' lang='lat' dir='ltr'>sociorum</span> <span class='ocrx_word' id='word_1_81' title='bbox 1296 763 1471 804; x_wconf 86' lang='lat' dir='ltr'>fortium</span> 
     </span>
     <span class='ocr_line' id='line_1_13' title="bbox 135 822 1472 879; baseline -0.003 -13"><span class='ocrx_word' id='word_1_82' title='bbox 135 824 454 866; x_wconf 71' lang='lat' dir='ltr'>multitudinem</span> <span class='ocrx_word' id='word_1_83' title='bbox 497 838 755 879; x_wconf 82' lang='lat' dir='ltr'>magnasque</span> <span class='ocrx_word' id='word_1_84' title='bbox 799 823 893 864; x_wconf 90' lang='lat' dir='ltr'>illas</span> <span class='ocrx_word' id='word_1_85' title='bbox 931 838 1030 877; x_wconf 90' lang='lat' dir='ltr'>opes</span> <span class='ocrx_word' id='word_1_86' title='bbox 1072 823 1224 878; x_wconf 78' lang='lat' dir='ltr'>exiguo</span> <span class='ocrx_word' id='word_1_87' title='bbox 1269 822 1472 876; x_wconf 91' lang='lat' dir='ltr'>temporis</span> 
     </span>
     <span class='ocr_line' id='line_1_14' title="bbox 135 881 1474 937; baseline -0.003 -12"><span class='ocrx_word' id='word_1_88' title='bbox 135 884 260 925; x_wconf 88' lang='lat' dir='ltr'>amisi</span> <span class='ocrx_word' id='word_1_89' title='bbox 304 884 452 937; x_wconf 85' lang='lat' dir='ltr'>spatio.</span> <span class='ocrx_word' id='word_1_90' title='bbox 508 898 605 924; x_wconf 91' lang='lat' dir='ltr'>nam</span> <span class='ocrx_word' id='word_1_91' title='bbox 643 885 959 937; x_wconf 87' lang='lat' dir='ltr'>procuratorem</span> <span class='ocrx_word' id='word_1_92' title='bbox 1003 882 1206 936; x_wconf 87' lang='lat' dir='ltr'>principis</span> <span class='ocrx_word' id='word_1_93' title='bbox 1250 881 1474 922; x_wconf 86' lang='lat' dir='ltr'>ducenaria</span> 
     </span>
     <span class='ocr_line' id='line_1_15' title="bbox 137 941 1473 997; baseline -0.002 -14"><span class='ocrx_word' id='word_1_94' title='bbox 137 943 424 997; x_wconf 82' lang='lat' dir='ltr'>perfunctum,</span> <span class='ocrx_word' id='word_1_95' title='bbox 457 942 606 983; x_wconf 87' lang='lat' dir='ltr'>dehinc</span> <span class='ocrx_word' id='word_1_96' title='bbox 645 943 816 983; x_wconf 86' lang='lat' dir='ltr'>fortuna</span> <span class='ocrx_word' id='word_1_97' title='bbox 852 941 1040 982; x_wconf 85' lang='lat' dir='ltr'>tristiore</span> <span class='ocrx_word' id='word_1_98' title='bbox 1082 941 1320 994; x_wconf 80' lang='lat' dir='ltr'>decussum,</span> <span class='ocrx_word' id='word_1_99' title='bbox 1357 954 1473 994; x_wconf 90' lang='lat' dir='ltr'>prae-</span> 
     </span>
     <span class='ocr_line' id='line_1_16' title="bbox 136 998 1525 1055; baseline -0.001 -12"><span class='ocrx_word' id='word_1_100' title='bbox 136 1004 372 1043; x_wconf 86' lang='lat' dir='ltr'>tereuntem</span> <span class='ocrx_word' id='word_1_101' title='bbox 420 1000 553 1043; x_wconf 76' lang='lat' dir='ltr'>Marte</span> <span class='ocrx_word' id='word_1_102' title='bbox 593 1002 668 1043; x_wconf 83' lang='lat' dir='ltr'>deo</span> <span class='ocrx_word' id='word_1_103' title='bbox 718 1002 827 1042; x_wconf 66' lang='lat' dir='ltr'>irato</span> <span class='ocrx_word' id='word_1_104' title='bbox 876 1000 1038 1041; x_wconf 84' lang='lat' dir='ltr'>fueram</span> <span class='ocrx_word' id='word_1_105' title='bbox 1091 1000 1325 1055; x_wconf 84' lang='lat' dir='ltr'>adgressus.</span> <span class='ocrx_word' id='word_1_106' title='bbox 1400 998 1473 1040; x_wconf 88' lang='lat' dir='ltr'>sed</span> <span class='ocrx_word' id='word_1_107' title='bbox 1492 1016 1525 1043; x_wconf 87' lang='lat'>15</span> 
     </span>
     <span class='ocr_line' id='line_1_17' title="bbox 136 1057 1471 1114; baseline -0.002 -13"><span class='ocrx_word' id='word_1_108' title='bbox 136 1061 197 1102; x_wconf 90' lang='lat' dir='ltr'>rei</span> <span class='ocrx_word' id='word_1_109' title='bbox 228 1060 460 1101; x_wconf 88' lang='lat' dir='ltr'>noscendae</span> <span class='ocrx_word' id='word_1_110' title='bbox 492 1075 616 1114; x_wconf 86' lang='lat' dir='ltr'>carpo</span> <span class='ocrx_word' id='word_1_111' title='bbox 650 1060 849 1101; x_wconf 83' lang='lat' dir='ltr'>ordinem.</span> <span class='ocrx_word' id='word_1_112' title='bbox 880 1059 962 1099; x_wconf 85' lang='lat' dir='ltr'>fuit</span> <span class='ocrx_word' id='word_1_113' title='bbox 995 1059 1164 1113; x_wconf 82' lang='lat' dir='ltr'>quidam</span> <span class='ocrx_word' id='word_1_114' title='bbox 1202 1057 1350 1098; x_wconf 91' lang='lat' dir='ltr'>multis</span> <span class='ocrx_word' id='word_1_115' title='bbox 1382 1057 1471 1099; x_wconf 86' lang='lat' dir='ltr'>offi-</span> 
     </span>
     <span class='ocr_line' id='line_1_18' title="bbox 137 1116 1473 1171; baseline -0.002 -11"><span class='ocrx_word' id='word_1_116' title='bbox 137 1120 212 1161; x_wconf 80' lang='lat' dir='ltr'>ciis</span> <span class='ocrx_word' id='word_1_117' title='bbox 254 1120 299 1159; x_wconf 93' lang='lat' dir='ltr'>in</span> <span class='ocrx_word' id='word_1_118' title='bbox 345 1119 441 1160; x_wconf 86' lang='lat' dir='ltr'>aula</span> <span class='ocrx_word' id='word_1_119' title='bbox 485 1118 672 1160; x_wconf 80' lang='lat' dir='ltr'>Caesaris</span> <span class='ocrx_word' id='word_1_120' title='bbox 723 1118 860 1160; x_wconf 87' lang='lat' dir='ltr'>clarus</span> <span class='ocrx_word' id='word_1_121' title='bbox 905 1121 1030 1171; x_wconf 87' lang='lat' dir='ltr'>atque</span> <span class='ocrx_word' id='word_1_122' title='bbox 1075 1117 1343 1171; x_wconf 82' lang='lat' dir='ltr'>conspicuus,</span> <span class='ocrx_word' id='word_1_123' title='bbox 1391 1116 1473 1170; x_wconf 89' lang='lat' dir='ltr'>ipsi</span> 
     </span>
     <span class='ocr_line' id='line_1_19' title="bbox 137 1175 1473 1232; baseline -0.002 -13"><span class='ocrx_word' id='word_1_124' title='bbox 137 1179 263 1220; x_wconf 86' lang='lat' dir='ltr'>etiam</span> <span class='ocrx_word' id='word_1_125' title='bbox 294 1178 425 1232; x_wconf 81' lang='lat' dir='ltr'>probe</span> <span class='ocrx_word' id='word_1_126' title='bbox 457 1180 681 1232; x_wconf 82' lang='lat' dir='ltr'>spectatus.</span> <span class='ocrx_word' id='word_1_127' title='bbox 736 1177 848 1218; x_wconf 88' lang='lat' dir='ltr'>hunc</span> <span class='ocrx_word' id='word_1_128' title='bbox 886 1176 1177 1217; x_wconf 88' lang='lat' dir='ltr'>insimulatum</span> <span class='ocrx_word' id='word_1_129' title='bbox 1210 1175 1473 1230; x_wconf 89' lang='lat' dir='ltr'>quorundam</span> 
     </span>
     <span class='ocr_line' id='line_1_20' title="bbox 138 1234 1473 1290; baseline -0.002 -12"><span class='ocrx_word' id='word_1_130' title='bbox 138 1240 231 1279; x_wconf 88' lang='lat' dir='ltr'>astu</span> <span class='ocrx_word' id='word_1_131' title='bbox 263 1236 441 1290; x_wconf 86' lang='lat' dir='ltr'>proiecit</span> <span class='ocrx_word' id='word_1_132' title='bbox 466 1239 676 1278; x_wconf 79' lang='lat' dir='ltr'>extorrem</span> <span class='ocrx_word' id='word_1_133' title='bbox 709 1236 898 1277; x_wconf 90' lang='lat' dir='ltr'>saeuiens</span> <span class='ocrx_word' id='word_1_134' title='bbox 932 1235 1101 1276; x_wconf 86' lang='lat' dir='ltr'>inuidia.</span> <span class='ocrx_word' id='word_1_135' title='bbox 1141 1234 1213 1276; x_wconf 88' lang='lat' dir='ltr'>sed</span> <span class='ocrx_word' id='word_1_136' title='bbox 1243 1249 1352 1276; x_wconf 82' lang='lat' dir='ltr'>uxor</span> <span class='ocrx_word' id='word_1_137' title='bbox 1383 1234 1473 1275; x_wconf 87' lang='lat' dir='ltr'>eius</span> 
     </span>
     <span class='ocr_line' id='line_1_21' title="bbox 137 1292 1590 1350; baseline 0 -14"><span class='ocrx_word' id='word_1_138' title='bbox 137 1296 319 1349; x_wconf 72' lang='lat' dir='ltr'>Plotina,</span> <span class='ocrx_word' id='word_1_139' title='bbox 345 1296 549 1350; x_wconf 76' lang='lat' dir='ltr'>quaedam</span> <span class='ocrx_word' id='word_1_140' title='bbox 574 1311 692 1337; x_wconf 86' lang='lat' dir='ltr'>rarae</span> <span class='ocrx_word' id='word_1_141' title='bbox 717 1295 815 1336; x_wconf 90' lang='lat' dir='ltr'>fidei</span> <span class='ocrx_word' id='word_1_142' title='bbox 842 1297 967 1348; x_wconf 87' lang='lat' dir='ltr'>atque</span> <span class='ocrx_word' id='word_1_143' title='bbox 994 1293 1221 1349; x_wconf 79' lang='lat' dir='ltr'>singularis</span> <span class='ocrx_word' id='word_1_144' title='bbox 1246 1292 1474 1348; x_wconf 79' lang='lat' dir='ltr'>pudicitiae</span> <span class='ocrx_word' id='word_1_145' title='bbox 1494 1311 1528 1336; x_wconf 82' lang='lat'>20</span> <span class='ocrx_word' id='word_1_146' title='bbox 1588 1303 1590 1326; x_wconf 59' lang='grc' dir='ltr'>ἰ</span> 
     </span>
     <span class='ocr_line' id='line_1_22' title="bbox 137 1352 1475 1409; baseline -0.003 -13"><span class='ocrx_word' id='word_1_147' title='bbox 137 1355 312 1409; x_wconf 83' lang='lat' dir='ltr'>femina,</span> <span class='ocrx_word' id='word_1_148' title='bbox 356 1369 462 1409; x_wconf 87' lang='lat' dir='ltr'>quae</span> <span class='ocrx_word' id='word_1_149' title='bbox 506 1355 666 1396; x_wconf 88' lang='lat' dir='ltr'>decimo</span> <span class='ocrx_word' id='word_1_150' title='bbox 710 1357 856 1408; x_wconf 86' lang='lat' dir='ltr'>partus</span> <span class='ocrx_word' id='word_1_151' title='bbox 900 1353 1110 1407; x_wconf 84' lang='lat' dir='ltr'>stipendio</span> <span class='ocrx_word' id='word_1_152' title='bbox 1148 1353 1231 1393; x_wconf 89' lang='lat' dir='ltr'>uiri</span> <span class='ocrx_word' id='word_1_153' title='bbox 1270 1352 1475 1393; x_wconf 85' lang='lat' dir='ltr'>familiam</span> 
     </span>
     <span class='ocr_line' id='line_1_23' title="bbox 138 1411 1476 1468; baseline -0.002 -13"><span class='ocrx_word' id='word_1_154' title='bbox 138 1413 406 1468; x_wconf 82' lang='lat' dir='ltr'>fundauerat,</span> <span class='ocrx_word' id='word_1_155' title='bbox 444 1414 597 1467; x_wconf 85' lang='lat' dir='ltr'>spretis</span> <span class='ocrx_word' id='word_1_156' title='bbox 629 1416 754 1467; x_wconf 89' lang='lat' dir='ltr'>atque</span> <span class='ocrx_word' id='word_1_157' title='bbox 793 1412 1046 1466; x_wconf 85' lang='lat' dir='ltr'>contemptis</span> <span class='ocrx_word' id='word_1_158' title='bbox 1077 1412 1246 1453; x_wconf 78' lang='lat' dir='ltr'>urbicae</span> <span class='ocrx_word' id='word_1_159' title='bbox 1284 1411 1476 1452; x_wconf 83' lang='lat' dir='ltr'>luxuriae</span> 
     </span>
     <span class='ocr_line' id='line_1_24' title="bbox 141 1470 1476 1527; baseline -0.003 -13"><span class='ocrx_word' id='word_1_160' title='bbox 141 1473 301 1514; x_wconf 88' lang='lat' dir='ltr'>deliciis</span> <span class='ocrx_word' id='word_1_161' title='bbox 326 1472 530 1527; x_wconf 81' lang='lat' dir='ltr'>fugientis</span> <span class='ocrx_word' id='word_1_162' title='bbox 557 1487 620 1514; x_wconf 93' lang='lat' dir='ltr'>co-</span> <span class='ocrx_word' id='word_1_163' title='bbox 642 1472 698 1526; x_wconf 91' lang='lat' dir='ltr'>[p.</span> <span class='ocrx_word' id='word_1_164' title='bbox 716 1471 894 1525; x_wconf 73' lang='lat' dir='ltr'>121.E.]</span> <span class='ocrx_word' id='word_1_165' title='bbox 914 1486 1002 1512; x_wconf 88' lang='lat' dir='ltr'>mes</span> <span class='ocrx_word' id='word_1_166' title='bbox 1029 1474 1070 1512; x_wconf 88' lang='lat' dir='ltr'>et</span> <span class='ocrx_word' id='word_1_167' title='bbox 1094 1470 1321 1511; x_wconf 80' lang='lat' dir='ltr'>infortunii</span> <span class='ocrx_word' id='word_1_168' title='bbox 1353 1470 1476 1523; x_wconf 82' lang='lat' dir='ltr'>socia,</span> 
     </span>
     <span class='ocr_line' id='line_1_25' title="bbox 141 1528 1477 1585; baseline -0.002 -13"><span class='ocrx_word' id='word_1_169' title='bbox 141 1535 263 1573; x_wconf 87' lang='lat' dir='ltr'>tonso</span> <span class='ocrx_word' id='word_1_170' title='bbox 297 1531 449 1585; x_wconf 78' lang='lat' dir='ltr'>capillo</span> <span class='ocrx_word' id='word_1_171' title='bbox 482 1532 526 1572; x_wconf 89' lang='lat' dir='ltr'>in</span> <span class='ocrx_word' id='word_1_172' title='bbox 562 1530 838 1572; x_wconf 88' lang='lat' dir='ltr'>masculinam</span> <span class='ocrx_word' id='word_1_173' title='bbox 869 1530 1020 1571; x_wconf 85' lang='lat' dir='ltr'>faciem</span> <span class='ocrx_word' id='word_1_174' title='bbox 1056 1529 1283 1571; x_wconf 83' lang='lat' dir='ltr'>reformato</span> <span class='ocrx_word' id='word_1_175' title='bbox 1314 1528 1477 1582; x_wconf 79' lang='lat' dir='ltr'>habitu,</span> 
     </span>
     <span class='ocr_line' id='line_1_26' title="bbox 140 1587 1529 1645; baseline 0 -14"><span class='ocrx_word' id='word_1_176' title='bbox 140 1590 458 1645; x_wconf 86' lang='lat' dir='ltr'>pretiosissimis</span> <span class='ocrx_word' id='word_1_177' title='bbox 490 1590 712 1631; x_wconf 90' lang='lat' dir='ltr'>monilium</span> <span class='ocrx_word' id='word_1_178' title='bbox 739 1592 781 1631; x_wconf 89' lang='lat' dir='ltr'>et</span> <span class='ocrx_word' id='word_1_179' title='bbox 807 1603 908 1630; x_wconf 89' lang='lat' dir='ltr'>auro</span> <span class='ocrx_word' id='word_1_180' title='bbox 934 1588 1137 1630; x_wconf 86' lang='lat' dir='ltr'>monetali</span> <span class='ocrx_word' id='word_1_181' title='bbox 1168 1588 1284 1629; x_wconf 90' lang='lat' dir='ltr'>zonis</span> <span class='ocrx_word' id='word_1_182' title='bbox 1310 1587 1475 1629; x_wconf 85' lang='lat' dir='ltr'>refertis</span> <span class='ocrx_word' id='word_1_183' title='bbox 1495 1604 1529 1631; x_wconf 82' lang='lat'>25</span> 
     </span>
     <span class='ocr_line' id='line_1_27' title="bbox 141 1647 1478 1703; baseline -0.002 -13"><span class='ocrx_word' id='word_1_184' title='bbox 141 1650 340 1703; x_wconf 80' lang='lat' dir='ltr'>incincta,</span> <span class='ocrx_word' id='word_1_185' title='bbox 377 1650 488 1690; x_wconf 88' lang='lat' dir='ltr'>inter</span> <span class='ocrx_word' id='word_1_186' title='bbox 528 1650 640 1703; x_wconf 89' lang='lat' dir='ltr'>ipsa-s</span> <span class='ocrx_word' id='word_1_187' title='bbox 673 1648 1001 1690; x_wconf 87' lang='lat' dir='ltr'>custodientium</span> <span class='ocrx_word' id='word_1_188' title='bbox 1038 1647 1223 1688; x_wconf 84' lang='lat' dir='ltr'>militum</span> <span class='ocrx_word' id='word_1_189' title='bbox 1254 1661 1404 1687; x_wconf 91' lang='lat' dir='ltr'>manus</span> <span class='ocrx_word' id='word_1_190' title='bbox 1436 1649 1478 1687; x_wconf 85' lang='lat' dir='ltr'>et</span> 
     </span>
     <span class='ocr_line' id='line_1_28' title="bbox 143 1705 1477 1764; baseline -0.002 -15"><span class='ocrx_word' id='word_1_191' title='bbox 143 1708 305 1764; x_wconf 84' lang='lat' dir='ltr'>gladios</span> <span class='ocrx_word' id='word_1_192' title='bbox 337 1708 472 1749; x_wconf 88' lang='lat' dir='ltr'>nudos</span> <span class='ocrx_word' id='word_1_193' title='bbox 505 1707 726 1762; x_wconf 81' lang='lat' dir='ltr'>intrepida,</span> <span class='ocrx_word' id='word_1_194' title='bbox 757 1710 1004 1748; x_wconf 86' lang='lat' dir='ltr'>cunctorum</span> <span class='ocrx_word' id='word_1_195' title='bbox 1036 1705 1319 1760; x_wconf 88' lang='lat' dir='ltr'>periculorum</span> <span class='ocrx_word' id='word_1_196' title='bbox 1350 1705 1477 1759; x_wconf 86' lang='lat' dir='ltr'>parti-</span> 
     </span>
     <span class='ocr_line' id='line_1_29' title="bbox 144 1765 1477 1821; baseline -0.003 -13"><span class='ocrx_word' id='word_1_197' title='bbox 144 1782 240 1821; x_wconf 86' lang='lat' dir='ltr'>ceps</span> <span class='ocrx_word' id='word_1_198' title='bbox 273 1770 315 1808; x_wconf 89' lang='lat' dir='ltr'>et</span> <span class='ocrx_word' id='word_1_199' title='bbox 345 1781 422 1821; x_wconf 86' lang='lat' dir='ltr'>pro</span> <span class='ocrx_word' id='word_1_200' title='bbox 454 1767 597 1808; x_wconf 89' lang='lat' dir='ltr'>mariti</span> <span class='ocrx_word' id='word_1_201' title='bbox 629 1766 762 1807; x_wconf 88' lang='lat' dir='ltr'>salute</span> <span class='ocrx_word' id='word_1_202' title='bbox 794 1765 1045 1821; x_wconf 83' lang='lat' dir='ltr'>peruigilem</span> <span class='ocrx_word' id='word_1_203' title='bbox 1077 1780 1219 1806; x_wconf 89' lang='lat' dir='ltr'>curam</span> <span class='ocrx_word' id='word_1_204' title='bbox 1252 1765 1477 1817; x_wconf 80' lang='lat' dir='ltr'>sustinens,</span> 
     </span>
     <span class='ocr_line' id='line_1_30' title="bbox 145 1824 1582 1880; baseline -0.003 -13"><span class='ocrx_word' id='word_1_205' title='bbox 145 1841 365 1868; x_wconf 86' lang='lat' dir='ltr'>aerumnas</span> <span class='ocrx_word' id='word_1_206' title='bbox 393 1826 587 1867; x_wconf 88' lang='lat' dir='ltr'>adsiduas</span> <span class='ocrx_word' id='word_1_207' title='bbox 614 1826 782 1880; x_wconf 83' lang='lat' dir='ltr'>ingenio</span> <span class='ocrx_word' id='word_1_208' title='bbox 809 1824 995 1866; x_wconf 88' lang='lat' dir='ltr'>masculo</span> <span class='ocrx_word' id='word_1_209' title='bbox 1022 1824 1268 1865; x_wconf 86' lang='lat' dir='ltr'>sustinebat.</span> <span class='ocrx_word' id='word_1_210' title='bbox 1310 1824 1477 1877; x_wconf 90' lang='lat' dir='ltr'>iamque</span> <span class='ocrx_word' id='word_1_211' title='bbox 1581 1866 1582 1869; x_wconf 11' lang='grc' dir='ltr'><strong>Ἴ</strong></span> 
     </span>
     <span class='ocr_line' id='line_1_31' title="bbox 144 1882 1531 1940; baseline -0.001 -14"><span class='ocrx_word' id='word_1_212' title='bbox 144 1885 339 1940; x_wconf 89' lang='lat' dir='ltr'>plurimis</span> <span class='ocrx_word' id='word_1_213' title='bbox 388 1885 551 1926; x_wconf 89' lang='lat' dir='ltr'>itineris</span> <span class='ocrx_word' id='word_1_214' title='bbox 601 1884 924 1925; x_wconf 81' lang='lat' dir='ltr'>difficultatibus</span> <span class='ocrx_word' id='word_1_215' title='bbox 978 1883 1190 1937; x_wconf 88' lang='lat' dir='ltr'>marisque</span> <span class='ocrx_word' id='word_1_216' title='bbox 1245 1882 1477 1924; x_wconf 88' lang='lat' dir='ltr'>terroribus</span> <span class='ocrx_word' id='word_1_217' title='bbox 1497 1899 1531 1924; x_wconf 84' lang='lat'>30</span> 
     </span>
    </p>
   </div>
   <div class='ocr_carea' id='block_1_3' title="bbox 1521 0 1591 2035">
    <p class='ocr_par' dir='ltr' id='par_1_3' title="bbox 1521 0 1591 2035">
     <span class='ocr_line' id='line_1_32' title="bbox 1521 0 1591 2035; baseline 0 0"><span class='ocrx_word' id='word_1_218' title='bbox 1521 0 1591 2035; x_wconf 95' lang='lat' dir='ltr'> </span> 
     </span>
    </p>
   </div>
   <div class='ocr_carea' id='block_1_4' title="bbox 240 2040 1473 2094">
    <p class='ocr_par' dir='ltr' id='par_1_4' title="bbox 240 2040 1473 2094">
     <span class='ocr_line' id='line_1_33' title="bbox 240 2040 1473 2094; baseline -0.002 -13"><span class='ocrx_word' id='word_1_219' title='bbox 240 2051 257 2081; x_wconf 87' lang='lat'>1</span> <span class='ocrx_word' id='word_1_220' title='bbox 292 2046 497 2094; x_wconf 84' lang='lat' dir='ltr'>&lt;pectore&gt;</span> <span class='ocrx_word' id='word_1_221' title='bbox 524 2040 627 2083; x_wconf 76' lang='lat' dir='ltr'>Corn.</span> <span class='ocrx_word' id='word_1_222' title='bbox 660 2046 866 2093; x_wconf 84' lang='lat' dir='ltr'>&lt;corpore&gt;</span> <span class='ocrx_word' id='word_1_223' title='bbox 894 2048 947 2092; x_wconf 63' lang='lat' dir='ltr'>&amp;g</span> <span class='ocrx_word' id='word_1_224' title='bbox 973 2046 1076 2081; x_wconf 73' lang='lat' dir='ltr'>Hild.</span> <span class='ocrx_word' id='word_1_225' title='bbox 1174 2048 1194 2078; x_wconf 82' lang='lat' dir='ltr'>S</span> <span class='ocrx_word' id='word_1_226' title='bbox 1227 2054 1344 2088; x_wconf 86' lang='lat' dir='ltr'>aeque</span> <span class='ocrx_word' id='word_1_227' title='bbox 1370 2044 1473 2089; x_wconf 76' lang='lat' dir='ltr'>Lips.</span> 
     </span>
    </p>
   </div>
   <div class='ocr_carea' id='block_1_5' title="bbox 145 2102 1591 2351">
    <p class='ocr_par' dir='ltr' id='par_1_5' title="bbox 145 2102 1591 2351">
     <span class='ocr_line' id='line_1_34' title="bbox 147 2102 1477 2163; baseline -0.003 -10"><span class='ocrx_word' id='word_1_228' title='bbox 147 2121 259 2163; x_wconf 83' lang='lat' dir='ltr'>atque</span> <span class='ocrx_word' id='word_1_229' title='bbox 290 2119 367 2153; x_wconf 76' lang='lat' dir='ltr'>cdd.</span> <span class='ocrx_word' id='word_1_230' title='bbox 480 2122 521 2152; x_wconf 80' lang='lat'>15</span> <span class='ocrx_word' id='word_1_231' title='bbox 553 2102 723 2162; x_wconf 60' lang='lat' dir='ltr'>§terente</span> <span class='ocrx_word' id='word_1_232' title='bbox 755 2119 781 2163; x_wconf 77' lang='lat' dir='ltr'>(S</span> <span class='ocrx_word' id='word_1_233' title='bbox 802 2119 956 2161; x_wconf 73' lang='lat' dir='ltr'>erasum)</span> <span class='ocrx_word' id='word_1_234' title='bbox 988 2117 1016 2150; x_wconf 82' lang='lat' dir='ltr'>F</span> <span class='ocrx_word' id='word_1_235' title='bbox 1064 2117 1197 2160; x_wconf 48' lang='lat' dir='ltr'>{ffel—ite</span> <span class='ocrx_word' id='word_1_236' title='bbox 1223 2129 1250 2159; x_wconf 86' lang='grc' dir='ltr'><strong>φ</strong></span> <span class='ocrx_word' id='word_1_237' title='bbox 1286 2115 1330 2158; x_wconf 81' lang='lat' dir='ltr'>cf.</span> <span class='ocrx_word' id='word_1_238' title='bbox 1359 2119 1436 2149; x_wconf 82' lang='lat'>144.</span> <span class='ocrx_word' id='word_1_239' title='bbox 1458 2119 1477 2148; x_wconf 85' lang='lat'>5</span> 
     </span>
     <span class='ocr_line' id='line_1_35' title="bbox 145 2162 1478 2209; baseline -0.003 -9"><span class='ocrx_word' id='word_1_240' title='bbox 145 2166 265 2200; x_wconf 86' lang='lat' dir='ltr'>Marte</span> <span class='ocrx_word' id='word_1_241' title='bbox 298 2165 365 2200; x_wconf 85' lang='lat' dir='ltr'>deo</span> <span class='ocrx_word' id='word_1_242' title='bbox 398 2164 493 2199; x_wconf 89' lang='lat' dir='ltr'>irato</span> <span class='ocrx_word' id='word_1_243' title='bbox 525 2166 653 2209; x_wconf 74' lang='lat' dir='ltr'>scripsi</span> <span class='ocrx_word' id='word_1_244' title='bbox 683 2166 728 2208; x_wconf 80' lang='lat' dir='ltr'>cf.</span> <span class='ocrx_word' id='word_1_245' title='bbox 755 2168 861 2207; x_wconf 72' lang='lat'><strong>70.3;</strong></span> <span class='ocrx_word' id='word_1_246' title='bbox 890 2167 1026 2199; x_wconf 77' lang='lat'><strong>123.23</strong></span> <span class='ocrx_word' id='word_1_247' title='bbox 1067 2175 1124 2199; x_wconf 89' lang='lat' dir='ltr'>me</span> <span class='ocrx_word' id='word_1_248' title='bbox 1157 2164 1260 2196; x_wconf 84' lang='lat' dir='ltr'>orato</span> <span class='ocrx_word' id='word_1_249' title='bbox 1297 2163 1375 2197; x_wconf 83' lang='lat' dir='ltr'>cdd.</span> <span class='ocrx_word' id='word_1_250' title='bbox 1409 2162 1478 2196; x_wconf 91' lang='lat' dir='ltr'>deo</span> 
     </span>
     <span class='ocr_line' id='line_1_36' title="bbox 147 2209 1477 2256; baseline -0.003 -9"><span class='ocrx_word' id='word_1_251' title='bbox 147 2224 228 2248; x_wconf 86' lang='lat' dir='ltr'>meo</span> <span class='ocrx_word' id='word_1_252' title='bbox 266 2212 361 2246; x_wconf 84' lang='lat' dir='ltr'>irato</span> <span class='ocrx_word' id='word_1_253' title='bbox 393 2212 540 2256; x_wconf 77' lang='lat' dir='ltr'>Haupt,</span> <span class='ocrx_word' id='word_1_254' title='bbox 573 2212 742 2256; x_wconf 54' lang='lat' dir='ltr'>S(a=up])e)</span> <span class='ocrx_word' id='word_1_255' title='bbox 774 2223 855 2246; x_wconf 86' lang='lat' dir='ltr'>meo</span> <span class='ocrx_word' id='word_1_256' title='bbox 886 2211 965 2246; x_wconf 86' lang='lat' dir='ltr'>fato</span> <span class='ocrx_word' id='word_1_257' title='bbox 996 2211 1085 2246; x_wconf 69' lang='lat' dir='ltr'>Bsn.</span> <span class='ocrx_word' id='word_1_258' title='bbox 1138 2210 1205 2244; x_wconf 91' lang='lat' dir='ltr'>deo</span> <span class='ocrx_word' id='word_1_259' title='bbox 1243 2209 1340 2243; x_wconf 88' lang='lat' dir='ltr'>irato</span> <span class='ocrx_word' id='word_1_260' title='bbox 1377 2209 1477 2244; x_wconf 79' lang='lat' dir='ltr'>Orus.</span> 
     </span>
     <span class='ocr_line' id='line_1_37' title="bbox 148 2255 1591 2305; baseline -0.004 -10"><span class='ocrx_word' id='word_1_261' title='bbox 148 2260 344 2305; x_wconf 82' lang='lat' dir='ltr'>adgressus</span> <span class='ocrx_word' id='word_1_262' title='bbox 369 2259 396 2292; x_wconf 84' lang='lat' dir='ltr'><strong>F</strong></span> <span class='ocrx_word' id='word_1_263' title='bbox 423 2261 460 2303; x_wconf 92' lang='lat' dir='ltr'>(u</span> <span class='ocrx_word' id='word_1_264' title='bbox 485 2260 525 2293; x_wconf 76' lang='lat' dir='ltr'>in</span> <span class='ocrx_word' id='word_1_265' title='bbox 549 2270 619 2293; x_wconf 71' lang='lat' dir='ltr'>ras.</span> <span class='ocrx_word' id='word_1_266' title='bbox 646 2271 689 2293; x_wconf 80' lang='lat' dir='ltr'>m.</span> <span class='ocrx_word' id='word_1_267' title='bbox 716 2261 759 2303; x_wconf 73' lang='lat' dir='ltr'>r.)</span> <span class='ocrx_word' id='word_1_268' title='bbox 795 2259 988 2304; x_wconf 85' lang='lat' dir='ltr'>adgressos</span> <span class='ocrx_word' id='word_1_269' title='bbox 1021 2271 1048 2302; x_wconf 87' lang='grc' dir='ltr'><strong>φ</strong></span> <span class='ocrx_word' id='word_1_270' title='bbox 1145 2260 1189 2291; x_wconf 90' lang='grc'>30</span> <span class='ocrx_word' id='word_1_271' title='bbox 1223 2255 1425 2291; x_wconf 81' lang='lat' dir='ltr'>terroribus</span> <span class='ocrx_word' id='word_1_272' title='bbox 1451 2255 1478 2290; x_wconf 90' lang='lat' dir='ltr'><strong>F</strong></span> <span class='ocrx_word' id='word_1_273' title='bbox 1555 2261 1591 2286; x_wconf 53' lang='grc'>’5,</span> 
     </span>
     <span class='ocr_line' id='line_1_38' title="bbox 149 2306 1590 2351; baseline -0.002 -10"><span class='ocrx_word' id='word_1_274' title='bbox 149 2307 229 2351; x_wconf 80' lang='lat' dir='ltr'>(bus</span> <span class='ocrx_word' id='word_1_275' title='bbox 256 2309 296 2341; x_wconf 58' lang='lat' dir='ltr'>&lt;in</span> <span class='ocrx_word' id='word_1_276' title='bbox 320 2318 390 2341; x_wconf 76' lang='lat' dir='ltr'>ras.</span> <span class='ocrx_word' id='word_1_277' title='bbox 419 2319 460 2341; x_wconf 84' lang='lat' dir='ltr'>m.</span> <span class='ocrx_word' id='word_1_278' title='bbox 484 2308 527 2351; x_wconf 78' lang='lat' dir='ltr'>r.)</span> <span class='ocrx_word' id='word_1_279' title='bbox 553 2306 755 2350; x_wconf 85' lang='lat' dir='ltr'>terrorique</span> <span class='ocrx_word' id='word_1_280' title='bbox 1588 2310 1590 2318; x_wconf 79' lang='lat'><em>&#39;</em></span> 
     </span>
    </p>
   </div>
  </div>
 </body>
</html>
