1591 2556
72 727 104 751 10

70 1022 102 1046 15

69 1317 103 1341 20

66 1611 99 1636 25

606 79 707 114 CAP.
734 79 1005 136 xxi—XXIIII
1421 81 1474 122 19

128 177 281 218 cundia
324 190 527 231 generosa
564 176 694 229 stirpe
738 175 954 229 proditum
994 178 1036 216 et
1075 179 1186 217 recte
1226 176 1472 218 conicerem.

127 236 199 277 sed
237 238 279 276 et
316 250 434 276 meus
465 234 645 275 Demeas
684 235 827 276 eadem
866 234 1021 275 litteris
1059 236 1320 288 pronuntiat.
1372 250 1472 290 ergo

127 295 378 336 breuitatem
411 293 668 349 gurgustioli
694 293 830 334 nostri
855 308 907 334 ne
935 308 1107 347 spernas
1134 297 1242 347 peto.
1287 295 1367 336 erit
1392 295 1473 336 tibi

128 354 319 395 adiacens
357 367 409 394 en
453 367 545 394 ecce
589 352 695 394 illud
733 352 975 393 cubiculum
1018 352 1244 394 honestum
1290 357 1472 408 recepta-

128 413 278 455 culum.
328 412 393 452 fac
424 412 606 453 libenter
637 411 870 453 deuerseris
902 412 946 453 in
978 414 1136 453 nostro.
1184 427 1282 453 nam
1315 415 1356 453 et
1387 428 1472 454 ma-

126 472 256 513 iorem
295 471 467 512 domum
500 471 744 526 dignatione
782 474 856 512 tua
886 471 1035 512 feceris
1068 474 1110 512 et
1147 471 1227 512 tibi
1260 472 1471 525 specimen

125 530 358 586 gloriosum
391 530 626 585 adrogaris‚
658 531 694 571 si
727 532 951 571 contentus
989 530 1076 571 lare
1108 530 1286 584 paruulo
1319 530 1473 571 Thesei

125 589 238 630 illius
271 590 536 644 cognominis
574 590 708 644 patris
746 590 810 630 tui
849 590 1031 631 uirtutes
1069 589 1367 644 aemulaneris,
1400 591 1473 644 qui

124 663 208 689 non
246 651 310 689 est
348 651 595 702 aspernatus
626 648 806 690 Hecales
844 663 949 689 anus
980 649 1216 703 hospitium
1254 649 1397 690 tenue'
1429 653 1472 690 et

124 710 275 749 uocata
306 707 505 749 ancillula
537 707 687 749 eFotis’
718 708 860 762 inquit
892 707 1140 749 ‘sarcinulas
1173 708 1356 763 hospitis
1383 723 1472 749 sus—

124 769 266 821 ceptas
299 781 394 808 cum
425 767 507 808 fide
542 766 672 808 conde
704 767 748 808 in
780 767 887 808 illud
919 767 1161 808 cubiculum
1188 782 1235 808 ac
1268 767 1395 808 simul
1421 783 1471 808 ex

122 826 414 880 promptuario
459 826 599 867 oleum
645 827 793 868 unctui
831 829 873 867 et
910 826 1041 867 lintea
1085 827 1216 868 tersui
1254 829 1296 867 et
1335 829 1472 868 cetera

122 884 221 926 huic
253 885 387 926 eidem
420 886 516 926 usui
547 885 710 940 profers
740 886 872 927 ociter
898 888 940 926 et
970 885 1183 940 hospitem
1210 900 1351 927 meum
1383 900 1470 940 per-

123 944 202 985 duc
241 944 291 985 ad
328 945 545 999 proximas
588 945 780 986 balneas:
825 945 928 986 satis
973 945 1103 986 arduo
1149 945 1299 986 itinere
1345 948 1470 999 atque

122 1003 288 1057 prolixo
320 1004 526 1059 fatigatus
559 1005 649 1045 est.’

209 1061 389 1103 XXIIII.
431 1062 512 1104 His
545 1076 622 1118 ego
656 1063 811 1104 auditis
844 1077 982 1104 mores
1009 1066 1134 1117 atque
1166 1063 1469 1117 parsimoniam

122 1121 378 1162 ratiocinans
416 1121 590 1163 Milonis
628 1123 859 1176 uolensque
898 1137 964 1163 me
997 1122 1131 1163 artius
1170 1123 1206 1163 ei
1246 1122 1470 1163 conciliare

123 1180 261 1221 ‘nihil'
299 1181 473 1234 inquam
517 1181 673 1222 ererum
712 1182 909 1235 istarum,
947 1196 1053 1234 quae
1098 1181 1261 1222 itineris
1312 1181 1469 1235 ubique

122 1254 199 1280 nos
232 1240 501 1293 comitantur,
533 1240 783 1295 indigemus.
836 1240 909 1280 sed
941 1243 982 1280 et
1013 1240 1185 1281 balneas
1218 1240 1340 1281 facile
1378 1255 1469 1293 per-

123 1298 399 1339 contabimur.
450 1299 574 1353 plane
607 1300 719 1353 quod
752 1302 816 1340 est
847 1298 952 1339 mihi
985 1313 1148 1340 summe
1179 1299 1469 1353 praecipuum7

121 1372 243 1411 equo,
276 1358 349 1411 qui
381 1373 447 1399 me
473 1361 642 1399 strenue
674 1358 881 1412 peruexst,
911 1358 1081 1398 faenum
1115 1361 1240 1413 atque
1266 1358 1467 1399 hordeum

121 1417 304 1470 acceptis
336 1417 432 1457 istis
464 1417 696 1458 nummulis
729 1419 775 1457 tu
807 1416 926 1457 Fotis
959 1417 1119 1458 emito.’

207 1474 288 1516 His
326 1476 431 1516 actis
469 1478 512 1516 et
548 1476 673 1517 rebus
711 1476 816 1516 meis
854 1476 898 1517 in
936 1475 1009 1516 illo
1049 1476 1242 1517 cubiculo
1283 1476 1465 1517 conditis

119 1548 298 1589 pergens
330 1535 419 1589 ipse
447 1535 498 1575 ad
528 1535 712 1589 balneas,
744 1538 792 1576 ut
822 1535 941 1589 prius
968 1535 1129 1589 aliquid
1154 1535 1278 1576 nobis
1308 1535 1464 1576 cibatui

120 1594 422 1648 prospicerem,
453 1594 594 1635 forum
632 1594 842 1648 cupidinis
880 1596 977 1648 peto
1011 1595 1137 1648 inque
1170 1609 1218 1636 eo
1256 1595 1466 1648 piscatum

121 1652 337 1706 opiparem
377 1653 616 1707 expositum
648 1653 772 1694 uideo
806 1656 848 1694 et
884 1657 1131 1707 percontato
1164 1654 1321 1708 pretio,
1354 1654 1466 1708 quod

121 1714 288 1752 centum
315 1712 501 1753 nummis
533 1712 791 1754 indicaretur
823 1715 1072 1766 aspernatus
1099 1713 1257 1768 uiginti
1283 1713 1466 1754 denariis

119 1771 389 1824 praestinaui.
428 1771 524 1812 inde
545 1787 611 1812 me
634 1772 901 1812 commodum
929 1772 986 1826 [p.
1004 1771 1152 1826 1611]
1180 1772 1465 1826 egredientem

212 1937 234 1967 4
267 1944 311 1968 en
344 1944 428 1968 ecce
461 1935 591 1978 scripsi
622 1946 702 1969 cum
733 1934 804 1968 Lu.
831 1946 869 1978 p.
891 1938 977 1977 4993
1010 1935 1152 1980 Haupt.
1180 1935 1231 1969 ΠΙ
1256 1947 1291 1979 p.
1314 1939 1381 1969 627
1426 1937 1464 1969 et

119 1991 201 2015 ecce
226 1980 267 2015 E.
351 1985 370 2015 9
397 1981 553 2016 Hecales
580 1992 672 2015 anus
699 1982 910 2016 Politiamcs
946 1982 1024 2016 ales
1051 1994 1142 2016 anus
1169 1982 1197 2016 F
1236 1982 1408 2017 alesanus
1435 1996 1462 2026 φ

119 2031 162 2061 13
193 2027 281 2062 huic
306 2029 417 2074 uulyo
443 2030 488 2072 cf.
517 2032 629 2063 3819
668 2028 738 2062 hoc
764 2029 828 2073 an
872 2029 965 2063 haec
990 2029 1030 2064 E.
1152 2029 1294 2074 profers
1321 2029 1385 2073 Fq>
1418 2030 1463 2072 cf.

118 2079 250 2118 ⁶21.11;
279 2079 433 2119 105.16;
469 2079 757 2111 192.11—80.5
877 2076 1016 2121 perduc
1047 2078 1177 2121 scripsi
1224 2077 1365 2121 produc
1398 2076 1464 2119 qu

117 2123 161 2165 cf.
189 2126 321 2166 32.20;
348 2126 481 2167 40.11;
509 2126 640 2166 51.1·2;
670 2126 804 2158 112.ss
929 2128 971 2158 17
1004 2124 1038 2158 ei
1069 2135 1134 2159 om.
1162 2124 1209 2157 ΡΙ
1329 2127 1370 2158 21
1407 2134 1462 2157 Or-

119 2169 227 2203 deum
252 2169 280 2203 F
375 2174 418 2204 22
444 2170 546 2204 Fotis
572 2169 619 2203 F1
716 2174 758 2204 27
784 2170 1014 2205 indicaretur
1040 2172 1136 2206 Prie.
1172 2171 1358 2205 indicaret
1383 2171 1461 2205 cdd.

118 2217 163 2259 cf.
192 2220 246 2251 16.
261 2220 322 2259 203
348 2219 534 2263 mimulam
554 2221 636 2262 post
661 2216 845 2252 indicaret
869 2220 1001 2254 sustuli
1083 2218 1245 2253 denariis
1277 2218 1366 2253 Oud.
1402 2217 1462 2251 de-

117 2263 241 2298 narios
267 2265 364 2308 edcl.;
391 2266 542 2307 fortasse
567 2265 639 2307 fuit
666 2264 858 2299 denarium
883 2266 928 2308 ef.
958 2269 1089 2309 16.14;
1117 2270 1170 2299 26.
1187 2269 1218 2308 3,
1248 2266 1286 2300 ι’νι
1311 2269 1461 2308 utroque

119 2311 212 2345 enim
237 2312 310 2346 loco
336 2311 363 2345 F
389 2313 493 2347 habet
519 2311 722 2356 denarium,
750 2325 777 2356 φ
805 2312 975 2347 denarios
1005 2315 1058 2348 uel
1085 2312 1248 2347 denariis

1134 2375 1178 2393 0³⁵·

1135 2396 1151 2404 -ι
