1591 2556
169 105 221 144 78
727 104 851 138 LIBRI
876 104 945 138 1111

171 201 233 242 bis
266 200 428 242 idoneis
459 203 603 254 posset
634 200 872 254 explicare?
913 200 1169 255 gladiatores
1199 200 1293 242 istic
1322 200 1507 242 famosae

168 274 331 313 manus,
362 262 586 301 uenatores
618 258 702 300 illic
727 259 928 313 probatae
954 259 1232 313 pernicitatis,
1263 258 1365 300 alibi
1390 259 1508 301 noxii

168 318 334 372 perdita
376 318 603 361 securitate
646 318 733 358 suis
777 318 913 372 epulis
956 318 1187 359 bestiarum
1232 318 1400 373 saginas
1449 319 1508 359 in·

169 380 390 419 struentes.
441 377 675 419 tabularum
699 377 869 418 nexibus
901 377 1110 418 confixilis
1136 377 1354 418 machinae
1380 377 1508 418 subli-
1548 386 1578 430 Ἰ

169 451 240 478 cae
278 439 415 478 turres
457 436 508 476 ad
549 436 682 476 instar
721 435 1074 477 circumforaneae
1119 437 1289 490 domus,
1335 432 1508 477 floridae
1556 434 1577 488 3

168 496 373 550 picturae,
419 496 568 535 decora
607 494 774 535 futurae
819 495 1057 536 uenationis
1098 494 1372 549 receptacula.
1435 495 1508 549 qui
1566 511 1570 547 j

168 558 383 609 praeterea
420 567 637 607 numerus,
679 567 784 607 quae
822 553 950 595 facies
988 554 1189 595 ferarum!
1251 569 1348 594 nam
1392 568 1507 608 prae·

168 614 292 667 cipuo
325 613 466 654 studio
504 612 731 654 forinsecus
768 612 894 653 etiam
933 613 1159 654 aduexerat
1197 627 1399 667 generosa
1435 612 1509 654 illa
1560 657 1576 667 λ,

169 673 463 713 damnatorum
496 671 681 725 capitum
707 672 866 712 funera.
917 672 990 712 sed
1014 675 1180 726 praeter
1205 674 1386 713 ceteram
1418 686 1508 726 spe-

98 740 109 749 *
168 731 271 773 ciosi
297 731 484 772 muneris
516 730 851 784 suppellectilem
878 731 979 772 totis
1005 734 1234 787 utcumque
1263 731 1507 785 patrimonii

168 790 331 831 uiribus
363 790 559 831 immanis
585 804 707 830 ursae
734 789 1005 843 comparabat
1030 798 1252 831 numerum
1278 790 1507 844 copiosum.

168 864 265 890 nam
302 852 469 903 praeter
509 848 750 889 domesticis
795 848 1094 890 uenationibus
1139 852 1301 903 captas,
1343 851 1508 903 praeter

167 908 298 963 largis
336 908 624 962 emptionibus
662 910 804 962 partas
844 908 1074 949 amicorum
1114 908 1240 949 etiam
1273 907 1507 949 donationi-

168 968 246 1008 bus
279 968 409 1008 uariis
441 967 634 1008 certatim
673 966 836 1007 oblatas
874 966 1009 1008 tutela
1046 970 1295 1021 sumptuosa
1326 966 1507 1008 sollicite

169 1026 394 1067 nutriebat.
428 1026 484 1080 [p.
501 1025 650 1079 65.E.]
684 1024 822 1066 XIIII.
860 1040 937 1067 nec
964 1026 1033 1066 ille
1059 1029 1147 1066 tam
1173 1025 1310 1066 clarus
1337 1027 1506 1080 tamque

169 1085 414 1139 splendidus
433 1084 626 1138 publicae
646 1084 881 1138 uoluptatis
901 1088 1128 1138 apparatus
1147 1083 1337 1126 Inuidiae
1357 1085 1507 1126 noxios

170 1145 320 1199 effugit
347 1144 502 1185 oculos.
547 1158 644 1184 nam
672 1143 835 1184 diutina
867 1144 1115 1197 captiuitate
1147 1144 1349 1198 fatigatae
1381 1143 1508 1184 simul

170 1206 211 1244 et
243 1203 404 1244 aestiua
442 1202 666 1257 flagrantia
702 1205 952 1256 maceratae,
996 1203 1119 1258 pigra
1155 1202 1282 1243 etiam
1320 1202 1507 1243 sessione

168 1262 410 1317 languidae7
453 1261 672 1316 repentina
732 1264 948 1315 correptae
1009 1261 1252 1315 pestilentia
1306 1261 1507 1315 <bestiae>

170 1336 299 1375 paene
332 1321 384 1362 ad
415 1320 580 1362 nullum
612 1320 802 1361 rediuere
833 1335 1066 1362 numerum.
1121 1320 1279 1375 passim
1317 1335 1392 1374 per
1421 1319 1507 1374 pla-

171 1384 257 1421 teas
302 1380 489 1435 plurima
531 1394 721 1421 cerneres
763 1380 895 1421 iacere
940 1380 1243 1421 semiuiuorum
1284 1393 1506 1433 corporum

171 1440 304 1480 ferina
340 1439 572 1493 naufragia.
634 1441 735 1479 tunc
773 1439 928 1493 uulgus
960 1438 1165 1493 ignobile,
1205 1453 1311 1492 quos
1348 1437 1509 1479 inculta

169 1498 389 1552 pauperies
428 1498 517 1538 sine
562 1497 724 1538 delectu
763 1497 953 1538 ciborum
996 1500 1168 1538 tenuato
1213 1497 1353 1538 uentri
1393 1497 1509 1552 cogit

168 1557 382 1598 sordentia
420 1556 714 1610 supplementa
751 1559 793 1597 et
830 1556 956 1610 dapes
1002 1556 1208 1611 gratuitas
1249 1556 1508 1610 conquirere,

169 1616 327 1670 passim
348 1616 530 1656 iacentes
551 1615 695 1669 epulas
717 1618 951 1656 accurrunt.
1001 1618 1102 1656 tunc
1122 1630 1143 1656 e
1163 1630 1207 1656 re
1227 1618 1326 1656 nata
1351 1614 1507 1669 suptile

167 1675 391 1716 consilium
436 1688 514 1729 ego
560 1677 601 1715 et
652 1675 730 1715 iste
775 1674 964 1716 Zabulus
1008 1674 1092 1716 tale
1136 1674 1506 1715 comminiscimur.

172 1749 311 1788 unam,
343 1749 449 1788 quae
482 1734 631 1775 ceteris
665 1733 828 1775 sarcina
854 1733 1042 1787 corporis
1073 1733 1355 1787 praeualebat,
1387 1732 1506 1786 quasi

262 1866 278 1895 1
312 1861 398 1896 istic
425 1863 448 1895 δ
489 1861 553 1895 isti
578 1861 641 1905 an
759 1866 777 1895 2
809 1861 888 1895 illic
914 1862 936 1894 δ
979 1860 1036 1894 illi
1062 1861 1125 1904 Fq2
1239 1865 1260 1895 4
1293 1860 1506 1895 tabularum

167 1908 322 1943 nexibus
349 1908 530 1942 confixilis
556 1910 707 1952 scripsi;
735 1909 770 1942 2⁴11
799 1909 875 1943 cdd.
914 1907 1127 1942 tabularum
1152 1907 1306 1942 nexibus
1339 1908 1508 1952 Ieyuntwr

162 1961 245 1999 post
270 1958 411 1999 turres;
434 1955 614 1990 subliciae
639 1956 738 1991 lunt.
759 1961 791 1990 ct
811 1957 896 1990 Αἶά.
925 1955 1154 1990 stabularum
1181 1955 1264 1996 Fq>¹
1347 1958 1367 1989 8
1394 1953 1506 1988 forin-

168 2014 271 2037 secus
298 2003 426 2037 Heius.
469 2002 625 2037 forensis
650 2003 729 2037 cdd.
769 2002 906 2037 forensi
931 2002 971 2036 E.
1083 2006 1125 2036 10
1158 2001 1453 2046 suppellectilem
1477 2001 1505 2034 F

169 2054 209 2083 11
244 2051 481 2094 compararat
506 2050 565 2084 ΒΖ.
667 2054 708 2083 15
741 2049 959 2084 nutriebant
989 2049 1052 2093 qu
1150 2052 1193 2082 19
1224 2048 1394 2089 <bestiae
1449 2049 1504 2082 in-

166 2098 264 2131 serui
360 2101 402 2130 21
429 2096 590 2141 plurima
613 2098 723 2142 uulgo
746 2096 927 2141 plurimas
952 2098 1030 2132 cdd.
1063 2098 1108 2139 cf.
1130 2096 1230 2141 Very.
1258 2096 1347 2130 Aen.
1412 2124 1417 2129 .
1438 2098 1505 2129 364

168 2148 212 2178 ‘25
244 2143 458 2178 adiacentes
491 2145 513 2178 δ
547 2145 639 2179 idem
670 2145 820 2178 uerbum
849 2145 952 2178 habet
978 2145 1000 2177 ὃ
1030 2147 1145 2178 48.15
1266 2147 1308 2177 26
1343 2141 1503 2176 Zabulus

168 2192 297 2236 scripsi
321 2193 366 2234 cf.
389 2191 474 2225 Not.
500 2192 571 2226 Τίν’.
593 2192 644 2225 ed.
667 2191 821 2226 Schmitz
842 2195 918 2225 119.
935 2194 978 2225 55
1009 2189 1176 2224 Eubulus
1202 2190 1292 2224 Bsn.
1319 2195 1351 2224 et
1371 2189 1506 2231 Rohde,

167 2239 230 2283 qui
262 2243 385 2283 postea
415 2239 591 2282 praetulit
633 2237 815 2272 Diabulus
847 2237 1011 2272 Babulus
1048 2238 1125 2272 edd.
1154 2238 1228 2271 Pet.
1274 2235 1428 2271 baculus
1463 2235 1504 2270 E.

167 2287 211 2328 cf.
239 2286 363 2320 Rossb.
391 2286 489 2319 Afnw.
517 2285 613 2319 Nou.
643 2288 732 2319 1895
759 2297 797 2330 p.
820 2289 886 2319 574
985 2289 1026 2318 27
1062 2284 1242 2329 'p’ualebat
1273 2285 1326 2328 dg
1363 2282 1504 2318 renale-

166 2333 234 2366 bat
259 2333 324 2374 qu

1526 1630 1585 1658 25³*
