1591 2556
24 708 56 731 10

22 1298 55 1320 20

556 59 656 95 CAP.
684 60 934 94 XXI—XXIII
1362 61 1417 102 85

76 157 255 198 rimatus
294 156 495 211 angulum
529 171 612 210 quo
643 171 790 210 panes,
822 155 1025 210 reliquiae
1056 157 1189 198 totius
1227 158 1417 200 multitu-

77 215 186 257 dinis
219 217 442 271 congestae
473 215 652 269 fuerant,
683 215 824 256 fauces
857 215 1023 256 diutina
1047 215 1158 257 fame
1188 217 1349 259 saucias
1376 220 1419 259 et

77 278 322 316 araneantes
366 274 556 316 ualenter
600 288 782 316 exerceo.
840 277 882 315 et
925 288 1017 316 ecce
1060 278 1183 316 nocte.
1222 279 1418 329 promota

77 334 262 375 latrones
289 334 498 388 expergiti
525 335 662 375 castra
687 337 957 375 commouent
982 334 1263 388 instructique
1288 336 1418 389 uarie,

75 393 231 446 partim
264 392 415 447 gladiis
448 393 617 446 armati,
648 393 858 446 (partim)
892 393 935 433 in
966 392 1167 435 Lemures
1200 394 1418 436 reformati

76 452 240 493 concito
272 465 313 493 se
344 451 477 506 gradu
515 451 766 506 proripiunt.
822 466 900 493 nec
931 467 998 493 me
1029 454 1170 494 tamen
1209 452 1417 494 instanter

75 525 122 552 ac
164 510 333 552 fortiter
376 510 699 552 manducantem
744 510 813 552 uel
857 525 1030 553 somnus
1074 511 1298 554 imminens
1342 513 1418 553 im-

74 569 217 624 pedire
248 570 399 624 potuit.
459 573 500 611 et
533 584 773 624 quanquam
805 570 922 624 prius
955 585 1050 612 cum
1082 585 1218 612 essem
1248 570 1418 626 Lucius,

74 629 197 670 unico
243 629 312 670 uel
349 629 532 670 secundo
570 643 677 683 pane
715 631 938 670 contentus
982 644 1128 671 mensa
1165 630 1418 684 decederem,

75 690 176 729 tunc
207 688 346 729 uentri
379 690 466 728 tam
497 688 707 742 profundo
739 688 928 730 seruiens
960 688 1043 730 iam
1081 689 1212 730 ferme
1243 690 1418 731 tertium

77 747 249 801 qualum
275 747 552 801 rumigabam.
590 746 689 788 huic
715 762 781 788 me
808 748 923 802 operi
951 748 1179 791 attonitum
1206 748 1318 789 clara
1343 748 1417 789 lux

77 806 298 860 oppressit.
359 805 516 847 XXIII.
562 806 731 848 tandem
775 807 917 861 itaque
969 807 1117 849 asinali
1167 808 1419 848 uerecundia

77 865 244 918 ductus,
289 866 519 920 aegerrime
564 868 706 906 tamen
750 865 990 921 digrediens
1040 866 1179 908 riuulo
1223 867 1417 920 proximo

76 924 192 965 sitim
236 924 359 966 lenio.
415 939 491 965 nec
528 939 647 966 mora
685 939 779 965 cum
823 925 1008 967 latrones
1053 925 1165 967 ultra
1201 926 1418 978 <solitum>

41 1002 56 1026 5
77 983 191 1024 anxii
230 986 356 1038 atque
394 983 568 1024 solliciti
605 986 811 1038 remeant,
843 984 1003 1026 nullam
1036 985 1205 1041 quidem
1242 1000 1418 1040 prorsus

76 1042 281 1083 sarcinam
314 1042 383 1084 uel
409 1043 580 1084 omnino
602 1042 872 1099 ,llssssfijlflem
904 1043 1100 1085 laciniam
1131 1044 1314 1085 ferentes
1345 1044 1418 1085 sed

76 1104 241 1142 tantum
276 1094 632 1156 <t0t333”⁴‘gladiis,
670 1102 773 1142 totis
813 1103 1027 1156 manibus,
1058 1103 1189 1144 immo
1221 1103 1418 1144 factionis

77 1175 175 1201 suae
214 1160 377 1201 cunctis
421 1160 585 1201 uiribus
625 1161 791 1202 unicam
830 1161 1040 1216 uirginem
1083 1162 1157 1213 filo
1200 1162 1418 1203 liberalem

77 1222 135 1273 et,
167 1222 215 1260 ut
246 1222 510 1261 matronatus
550 1219 639 1260 eius
671 1220 896 1273 indicabat,
928 1223 1180 1262 summatem
1218 1221 1418 1276 regioniS‚

76 1278 260 1332 puellam
298 1293 364 1320 me
395 1277 601 1319 Hercules
640 1281 682 1319 et
719 1279 838 1320 asino
877 1279 990 1334 [tali]
1029 1280 1418 1334 concupiscendam,

75 1340 331 1378 maerentem
377 1340 418 1378 et
462 1337 597 1378 crines
639 1352 734 1378 cum
778 1341 895 1379 ueste
934 1353 1010 1380 sua
1051 1339 1305 1380 lacerantem
1350 1339 1418 1380 ad-

74 1396 295 1437 uehebant.
347 1411 438 1437 eam
483 1396 609 1437 simul
653 1396 851 1439 intrantes
901 1398 1143 1451 speluncam
1193 1398 1418 1451 uerbisque

75 1470 180 1509 quae
207 1455 375 1496 dolebat
395 1456 563 1512 minora
579 1455 786 1504 ,facientes
809 1457 868 1497 sic
889 1456 1175 1511 adloquuntur
1208 1457 1264 1511 [p.
1282 1457 1331 1498 71
1349 1457 1417 1510 E]

76 1514 138 1555 ‘tu
171 1514 341 1568 quidem
374 1510 524 1555 salutis
552 1517 593 1555 et
624 1515 852 1568 pudicitiae
879 1530 1025 1557 secura
1055 1516 1227 1557 breuem
1259 1516 1417 1570 patien-

76 1677 223 1711 diutina
244 1677 498 1721 coquitatione
524 1677 752 1712 iurulentum
772 1689 916 1723 semper
935 1690 1014 1714 esse
1034 1679 1236 1727 (solitus),
1261 1680 1418 1714 rimatus

74 1737 204 1781 scripsi
235 1747 304 1781 ego
335 1747 423 1771 uero
463 1725 654 1795 §nuqluam
687 1736 783 1771 alias
817 1726 1153 1796 hordelo—c—iffiltus
1185 1750 1266 1773 sum
1299 1738 1419 1773 minu-

75 1794 186 1829 tatim
212 1797 249 1829 et
275 1794 422 1830 diutina
447 1787 677 1840 coffitatione
702 1795 931 1831 iurulentum
947 1789 1103 1842 *sem-per
1131 1797 1282 1832 esserim
1308 1798 1419 1832 rima-

74 1855 134 1887 tus
160 1853 188 1887 F
224 1864 292 1898 ego
318 1864 405 1888 uero
434 1842 663 1913 ‘numlquam
694 1854 789 1889 alias
816 1855 969 1890 ordeum
994 1858 1096 1901 (corr.
1123 1868 1167 1891 eae
1192 1856 1319 1898 ordeo)
1353 1858 1414 1900 ὑῆς

76 1923 156 1946 sum
181 1911 396 1947 minutatim
416 1916 454 1947 et
480 1912 626 1947 diutina
646 1913 874 1958 cogitatione
900 1914 1128 1950 iurulentum
1153 1926 1298 1959 semper
1316 1916 1414 1962 esse!

76 1959 230 1993 rimatus
257 1968 287 2002 φ
319 1961 492 2005 (syllabas
518 1961 622 1995 lineis
646 1962 807 1996 inclusas
831 1964 975 2006 scripsit
1006 1964 1083 1997 alia
1112 1974 1243 1998 manus
1273 1964 1313 1997 in
1345 1964 1419 1998 Ioco

76 2017 192 2041 uacuo
216 2008 350 2050 relicto)
371 2018 439 2052 ego
460 2018 548 2042 uero
568 2019 769 2051 numquam
788 2008 882 2043 alias
901 2009 1053 2044 ordeum
1072 2009 1219 2044 cibatus
1236 2009 1274 2043 ni
1297 2010 1417 2044 minu-

75 2055 197 2087 tatum
234 2055 272 2088 et
310 2054 455 2089 diutina
495 2054 748 2098 coquitatione
786 2055 1014 2091 iurulentum
1052 2058 1213 2102 [semper
1250 2057 1416 2109 eserim],

76 2099 231 2135 rimatus
256 2101 297 2136 E.
390 2106 407 2136 1
434 2112 550 2146 panes
576 2101 604 2135 F
637 2102 745 2146 panis
772 2103 853 2147 φΕ.
952 2108 972 2138 5
999 2104 1133 2139 armati
1159 2103 1352 2150 (partim)
1379 2116 1419 2138 m

76 2149 204 2192 scripsi
229 2148 403 2183 armatim
422 2149 458 2182 in
487 2162 514 2192 φ
541 2150 647 2191 (idem
666 2151 707 2184 in
725 2150 752 2183 F
777 2151 889 2193 fuisse
908 2152 1067 2187 uidetur*
1089 2151 1212 2198 (alii)
1232 2150 1271 2185 in
1290 2152 1417 2186 Rossb.

78 2198 97 2228 6
131 2205 168 2229 se
203 2206 267 2230 om.
295 2195 340 2229 F1
366 2197 442 2231 Pet.
469 2197 514 2231 A.
536 2196 580 2230 L.
595 2196 638 2230 L.
659 2196 703 2230 V.
725 2200 792 2231 577
901 2202 944 2231 14
970 2198 1179 2245 (solitum)
1206 2199 1345 2233 inserui
1368 2199 1415 2240 cf.

82 2242 276 2277 Tae.Ann.
303 2242 363 2277 IV.
391 2247 479 2278 64.1
568 2247 609 2277 17
637 2243 782 2291 <totis>
809 2246 948 2280 inserui
1030 2250 1072 2279 19
1099 2245 1290 2290 religionis
1317 2244 1416 2290 ang

78 2290 122 2331 ef.
155 2292 209 2323 63.
226 2293 245 2322 ἱ)
274 2294 316 2323 ‘20
343 2289 443 2336 [tali]
471 2291 600 2325 exclus.
627 2291 717 2325 Rsn.
811 2295 853 2324 22
881 2291 1063 2327 intrantes
1090 2294 1179 2327 Bsn.
1212 2292 1311 2328 intra
1337 2293 1415 2329 edd.
