1591 2556
636 92 735 130 CAP.
762 86 928 128 v—V'IH
1366 95 1448 135 193

195 187 257 230 At
289 189 362 230 illa
394 190 529 244 ‘oljm7
567 190 725 244 inepte'
761 190 901 243 inquit
940 190 1170 231 edescendit
1206 191 1248 231 in
1288 191 1447 232 dolium

109 248 270 289 sedulo·
287 248 545 290 soliditatem
577 249 666 290 eius
697 248 982 302 probaturus?

194 305 289 348 VII.
330 307 420 348 Nec
451 308 522 349 ille
554 307 738 349 sermoni
763 307 953 349 mulieris
980 307 1114 348 defuit
1140 308 1213 349 sed
1238 323 1446 363 exurgens

106 365 301 407 alacriter
333 366 430 408 euis’
461 367 600 421 inquit
626 367 789 407 ‘uerum
814 366 932 420 scire,
964 369 1099 408 mater
1124 366 1334 408 familias?
1366 368 1447 409 hoc

72 441 87 467 5
106 425 187 466 tibi
218 425 377 466 doh‘um
416 425 542 466 nimis
580 428 797 467 uetustum
829 428 893 466 est
931 428 972 466 et
1011 425 1287 466 multifariam
1326 427 1445 467 rimis

104 483 322 525 hiantibus
355 485 572 538 quassum’
604 485 656 525 ad
686 484 970 538 maritumque
1009 485 1098 526 eius
1131 484 1448 527 dissimulanter

105 557 333 584 conuersus
367 544 484 598 tquin
510 547 568 597 tu7
601 543 840 598 quicunque
873 558 916 584 es
942 543 1182 598 homuncio,
1214 544 1446 586 lucernam'

104 601 164 642 ait
204 602 409 643 ‘actutum
448 603 553 644 mihi
596 602 784 656 expedis,
828 605 877 643 ut
914 603 1044 644 erasis
1082 603 1141 643 in·
1180 603 1237 657 [p.
1267 603 1444 658 1593]

104 660 311 702 trinsecus
344 662 538 703 sordibus
577 661 802 716 diligenter
832 661 943 715 <αη>
979 665 1125 715 aptum
1157 662 1253 703 usui
1284 663 1445 716 possim

52 738 85 762 10
104 719 338 773 dinoscere,
379 721 462 762 nisi
499 735 575 762 nos
613 723 737 774 putas
776 735 844 762 aes
883 721 932 761 de
970 721 1082 761 malo
1114 721 1314 762 habereP’
1370 737 1445 763 nec

105 779 330 833 quicquam
362 782 551 821 moratus
583 794 629 820 ac
668 780 907 833 suspicatus
946 794 1039 821 acer
1071 782 1112 821 et
1144 781 1341 835 egregius
1373 781 1445 821 ille

102 838 281 879 maritus
308 853 481 879 accensa
506 838 677 879 lucerna
703 838 900 880 ‘discede'
926 839 1066 893 inquit
1090 839 1246 893 ‘frater7
1273 842 1314 881 et
1341 840 1444 881 otio—

102 911 175 937 sus
207 897 374 952 adsiste,
406 897 536 938 donec
567 898 698 951 probe
730 900 1002 951 procuratum
1035 898 1149 939 istud
1177 898 1257 939 tibi
1283 914 1444 953 reprae-

102 956 281 996 sentem’
307 959 349 997 et
380 970 474 997 cum
507 956 619 997 dicto
645 956 829 997 nudatus
856 957 958 1011 ipse7
990 957 1128 998 delato
1155 957 1327 1010 lumine,
1359 973 1443 999 sca-

50 1030 82 1056 15
101 1013 214 1055 biem
258 1017 469 1056 uetustam
511 1015 695 1056 cariosae
734 1019 866 1057 testae
905 1017 1059 1070 occipit
1100 1017 1332 1070 exculpere.
1403 1020 1444 1058 at

101 1087 202 1114 uero
242 1073 422 1127 adulter,
460 1074 718 1115 bellissimus
757 1074 828 1116 ille
866 1075 1008 1129 pusio,
1047 1075 1292 1116 inclinatam
1331 1076 1444 1117 dolio

100 1147 277 1185 pronam
302 1147 477 1174 uxorem
503 1133 613 1174 fabri
642 1134 1016 1187 superincuruatus
1043 1149 1185 1175 secure
1210 1135 1443 1176 dedolabat.

103 1193 168 1231 ast
199 1191 273 1231 illa
304 1192 440 1245 capite
471 1192 516 1233 in
548 1192 707 1233 dolium
741 1192 923 1233 demisso
956 1193 1156 1234 maritum
1189 1208 1313 1234 suum
1349 1197 1443 1234 astu

0 1301 1 1306 ¹
101 1250 339 1291 meretricio
372 1251 581 1292 tractabat
612 1251 782 1292 ludicre.
845 1251 924 1292 hoc
962 1255 1003 1292 et
1041 1252 1146 1292 illud
1178 1255 1220 1293 et
1258 1253 1371 1293 aliud
1403 1256 1444 1294 et

0 1339 1 1344 ,
49 1326 83 1350 20
101 1323 247 1349 rursus
280 1309 395 1350 aliud
425 1310 693 1364 purgandum
726 1310 987 1351 demonstrat
1019 1311 1154 1366 digito
1187 1326 1275 1365 suo,
1314 1312 1443 1353 donec

0 1368 1 1372 ’
99 1370 281 1422 utroque
313 1381 437 1422 opere
468 1369 667 1422 perfecto⁷
699 1369 883 1423 acceptis
916 1373 1077 1424 septem
1111 1370 1305 1424 denariis,
1338 1371 1442 1411 cala-

99 1426 280 1468 mitosus
312 1427 429 1468 faber
467 1427 576 1469 collo
608 1442 684 1468 suo
717 1442 866 1482 gerens
899 1428 1058 1469 dolium
1091 1432 1260 1470 coactus
1296 1433 1360 1470 est
1392 1430 1444 1470 ad

96 1484 331 1539 hospitium
363 1486 543 1527 adulteri
574 1487 769 1540 perferre.

187 1543 303 1585 VIII.
335 1544 535 1587 Pauculis
560 1545 619 1586 ibi
646 1546 794 1587 diebus
821 1547 1069 1587 commorati
1090 1549 1131 1587 et
1151 1547 1440 1588 munificentia

46 1619 81 1645 25
99 1602 269 1657 publica
312 1604 495 1659 saginati
539 1605 938 1659 uaticinationisque
980 1606 1137 1646 crebris
1178 1606 1441 1647 mercedibus

99 1661 360 1703 suffarcinati
397 1663 614 1717 purissimi
656 1663 719 1704 illi
761 1664 998 1705 sacerdotes
1039 1679 1198 1705 nouum
1240 1668 1441 1719 quaestus

98 1733 232 1775 genus
253 1728 256 1731 ’
277 1721 358 1761 sibi
402 1722 790 1763 comminiscuntur.
859 1725 972 1764 sorte
1016 1724 1140 1764 unica
1182 1739 1258 1777 per
1301 1739 1443 1765 casum

98 1779 248 1820 tabulis
290 1779 484 1833 pluribus
528 1784 698 1822 enotata
741 1782 1008 1823 consulentes
1055 1783 1104 1823 de
1148 1783 1273 1823 rebus
1311 1783 1442 1824 uariis

96 1837 304 1892 plurimos
336 1839 387 1879 ad
418 1839 530 1881 hunc
568 1840 740 1881 modum
774 1840 1036 1882 cauillantur.
1094 1856 1185 1882 sors
1217 1841 1319 1883 haec
1352 1845 1441 1883 erat

193 2040 212 2070 2
240 2036 444 2071 sodiditate
470 2037 516 2071 F¹
618 2042 638 2072 5
675 2040 824 2073 uetustfi
850 2051 872 2074 *
898 2039 925 2073 F
963 2026 1121 2074 uenustx‘}
1147 2040 1193 2082 φ1
1272 2044 1292 2074 6
1324 2040 1439 2084 hyan-

97 2082 200 2118 tibus
227 2097 254 2128 φ
329 2087 349 2118 9
376 2084 480 2131 (an)
500 2086 584 2120 add.
607 2085 703 2120 Prie.
752 2086 893 2131 possim
917 2088 995 2122 cdd.
1031 2086 1151 2132 possis
1176 2087 1216 2121 E.
1294 2091 1336 2120 16
1363 2087 1440 2121 uel-

98 2129 263 2165 lissimus
295 2131 386 2176 Fffg
429 2131 633 2166 uilissimus
659 2146 687 2177 φ
785 2137 828 2167 18
860 2134 900 2167 at
931 2148 958 2178 φ
1065 2138 1111 2168 20
1142 2146 1268 2168 rursus
1301 2134 1379 2168 alid
1412 2134 1439 2167 F

98 2180 156 2212 27.
173 2181 217 2212 28
260 2189 326 2223 per
357 2189 484 2213 casum
514 2178 655 2213 tabulis
686 2179 854 2224 pluribus
885 2182 1015 2226 scripsi
1057 2194 1081 2227 p
1108 2181 1245 2216 casulis
1270 2180 1439 2226 pluribus

97 2223 164 2268 an
202 2225 256 2269 (in
292 2225 320 2260 F
359 2225 494 2260 casulis
531 2237 597 2261 scr.
630 2238 674 2261 m.
707 2239 736 2262 r.
746 2242 758 2271 ;
794 2229 924 2263 ultima
956 2240 1048 2273 pars
1090 2229 1260 2263 uocabulz'
1303 2227 1438 2261 casulis

97 2271 263 2317 diy‘nosci
296 2284 371 2308 ‘no‘n
391 2276 519 2317 potest)
546 2273 683 2307 casulis
719 2274 887 2318 pluribus
919 2276 975 2320 &g
1022 2275 1162 2310 tabulis
1195 2274 1363 2319 pluribus
1397 2275 1438 2309 E.

98 2317 249 2353 casibus
273 2319 441 2364 pluribus
470 2320 562 2355 Oud.

168 2382 294 2409 Apum
314 2392 435 2411 mmmm.
455 2386 499 2411 ed.
521 2386 628 2411 Vliet
1116 2384 1156 2413 13
