1591 2556
113 93 138 134 ‘Z
143 92 198 134 68
683 92 811 127 LIBRI
835 92 887 126 XI

116 189 236 229 xium
268 188 374 229 mihi
406 188 696 242 permulcebat
727 189 785 244 [p.
807 187 993 243 218.E.]
1029 188 1228 229 animum.
1289 203 1387 230 nam
1419 191 1463 231 et

116 247 228 289 diem
261 262 344 301 quo
372 248 551 302 quisque
577 244 715 302 poSsit
739 248 901 289 initiari
927 248 1027 289 deae
1053 250 1160 288 nutu
1180 248 1462 290 demonstrari

116 309 158 347 et
185 307 444 348 sacerdotem
472 307 545 361 qui
571 321 689 348 sacra
714 307 864 348 debeat
888 307 1129 348 ministrare
1155 306 1343 348 eiusdem
1368 321 1462 361 pro-

115 366 306 406 uidentia
338 366 484 420 deligi,
522 369 717 420 sumptus
756 367 882 407 etiam
921 366 1172 407 caerimonis
1203 366 1462 408 necessarios

116 424 247 466 simili
288 427 512 478 praecepto
554 425 767 466 destinari.
837 440 942 479 quae
984 428 1135 466 cuncta
1174 440 1250 466 nos
1295 439 1463 480 quoque

117 483 376 524 obseruabili
417 484 624 537 patientia
667 485 874 525 sustinere
914 484 1128 538 censebat,
1173 484 1329 538 quippe
1367 499 1462 525 cum

117 543 313 584 auiditati
352 543 724 597 contumaciaeque
769 559 931 584 summe
973 558 1120 585 cauere
1161 545 1204 584 et
1240 546 1463 598 utramque

118 601 286 655 culpam
318 602 454 642 uitare
482 616 528 643 ac
560 617 695 656 neque
722 605 898 644 uocatus
927 602 1084 644 morari
1110 617 1186 643 nec
1210 616 1295 643 non
1322 602 1464 644 iussus

116 660 318 701 festinare
352 660 557 702 deberem.
619 676 696 702 nec
727 664 870 703 tamen
908 677 999 703 esse
1032 675 1272 716 quenquam
1305 661 1355 702 de
1386 675 1463 702 suo

116 734 292 760 numero
313 722 400 760 tam
420 720 609 773 perditae
632 721 787 762 mentis
807 721 876 762 uel
896 722 1025 761 immo
1048 721 1281 762 destinatae
1301 720 1464 775 mortis,

117 779 190 833 qui
234 793 320 819 non
358 779 440 819 sibi
474 794 640 833 quoque
681 794 870 821 seorsum
903 781 1075 821 iubente
1113 779 1300 834 domina,
1337 782 1463 821 teme-

116 838 274 878 rarium
319 840 445 892 atque
489 838 743 893 sacrilegum
793 839 945 880 audeat
988 839 1272 880 ministerium
1323 838 1464 880 subire

118 911 358 950 noxamque
379 896 549 938 letalem
578 897 835 939 contrahere.
879 913 977 939 nam
1004 902 1046 939 et
1071 898 1253 939 inferum
1280 897 1466 939 claustra

119 959 161 996 et
193 955 342 996 salutis
375 956 554 997 tutelam
587 957 629 996 in
663 957 762 997 deae
794 972 922 998 manu
953 957 1105 1011 posita,
1136 958 1356 1011 ipsamque
1382 959 1464 997 tra-

118 1014 323 1055 ditionem
370 1015 422 1054 ad
471 1015 608 1056 instar
656 1015 921 1057 uoluntariae
970 1016 1120 1057 mortis
1163 1018 1205 1056 et
1253 1016 1464 1070 precariae

117 1073 268 1114 salutis
301 1072 516 1127 celebrari,
549 1074 705 1128 quippe
738 1089 833 1115 cum
865 1075 1091 1116 transactis
1123 1075 1237 1115 uitae
1265 1075 1463 1129 tempori-

118 1132 198 1173 bus
230 1132 314 1172 iam
348 1132 392 1172 in
424 1133 518 1186 ipso
556 1133 701 1173 finitae
734 1133 841 1174 lucis
878 1133 1025 1174 limine
1057 1134 1332 1187 constitutos,
1369 1134 1465 1188 quis

116 1194 259 1232 tamen
291 1193 385 1231 tuto
418 1191 586 1245 possint
616 1206 772 1247 magna
802 1193 1022 1248 religionis
1049 1193 1260 1233 committi
1286 1192 1467 1247 silentia,

116 1265 274 1291 numen
307 1249 406 1291 deae
445 1250 580 1292 soleat
612 1251 760 1293 elicere
796 1254 838 1292 et
876 1267 954 1293 sua
982 1252 1252 1306 prouidentia
1283 1251 1466 1306 quodam

115 1309 242 1350 modo
274 1312 444 1350 renatos
477 1310 528 1350 ad
565 1325 700 1351 nouae
738 1325 941 1365 reponere
973 1326 1120 1352 rursus
1153 1311 1302 1352 salutis
1335 1311 1466 1352 curri-

116 1368 220 1409 cula.
285 1382 384 1423 ergo
417 1368 550 1423 igitur
587 1384 653 1409 me
692 1384 860 1424 quoque
893 1373 1086 1424 oportere
1125 1370 1303 1411 caeleste
1341 1370 1464 1411 susti-

115 1443 215 1468 nere
229 1430 514 1481 praeceptum,
535 1443 777 1482 quanquam
797 1429 1024 1483 praecipua
1037 1429 1308 1483 euidentique
1321 1429 1464 1484 magni

116 1486 305 1527 numinis
338 1486 584 1541 dignatione
624 1488 707 1527 iam
747 1488 905 1528 dudum
943 1488 1058 1529 felici
1092 1488 1329 1529 ministerio
1361 1503 1464 1529 nun-

116 1548 318 1599 cupatum
345 1545 699 1601 destinatumque,
724 1562 801 1588 nec
828 1562 947 1588 secus
975 1562 1101 1601 quam
1128 1547 1312 1589 cultores
1336 1547 1464 1588 ceteri

117 1604 222 1645 cibis
266 1604 456 1658 profanis
501 1619 548 1646 ac
592 1605 765 1646 nefariis
806 1606 889 1647 iam
931 1621 1042 1647 nunc
1083 1609 1336 1660 temperare,
1380 1620 1463 1661 quo

116 1663 274 1704 rectius
320 1663 371 1704 ad
415 1678 567 1704 arcana
611 1665 864 1718 purissimae
908 1665 1127 1720 religionis
1171 1668 1333 1707 secreta
1374 1680 1465 1720 per-

116 1722 325 1763 uaderem.

204 1780 340 1822 XXII.
384 1781 563 1822 Dixerat
601 1783 796 1824 sacerdos
834 1798 909 1824 nec
942 1784 1195 1837 inpatientia
1226 1797 1464 1837 corrumpe·

116 1840 243 1881 batur
281 1840 532 1894 obsequium
570 1856 711 1882 meum
754 1842 827 1882 sed
871 1843 1060 1883 intentus
1102 1843 1198 1883 miti
1243 1842 1384 1897 quiete
1421 1844 1464 1882 et

1483 721 1582 762 10*

1484 1031 1521 1057 15
1574 1026 1576 1038 ¹

1485 1329 1520 1354 20

1484 1623 1519 1649 25

116 1899 328 1952 probabili
373 1900 664 1941 taciturnitate
715 1901 909 1942 sedulum
952 1902 1118 1956 aliquot
1159 1902 1248 1943 dies
1292 1901 1461 1951 obibam
1482 1917 1520 1942 30

119 1957 310 1999 culturae
354 1973 570 2000 sacrorum
615 1960 911 2001 ministerium.
973 1975 1049 2001 nec
1092 1976 1159 2002 me
1200 1959 1352 2001 fefellit
1394 1959 1464 2000 uel

114 2016 235 2072 longi
273 2018 477 2070 temporis
514 2017 753 2072 prolatione
791 2020 998 2061 cruciauit
1035 2019 1134 2061 deae
1172 2019 1357 2073 potentis
1395 2019 1462 2060 be-

212 2196 234 2225 4
261 2166 465 2227 ceremonis
492 2192 519 2226 F
613 2196 632 2226 7
659 2171 844 2229 auiditatei
873 2207 900 2238 φ
994 2198 1035 2228 11
1063 2204 1137 2228 11011
1163 2194 1203 2227 in
1229 2206 1258 2237 φ
1284 2204 1349 2227 om.
1377 2192 1461 2227 add.

115 2286 161 2308 m.
187 2287 217 2309 r.
300 2279 343 2308 22
375 2240 514 2319 pbsilgisig.
538 2274 566 2308 F
575 2276 597 2308 ὃ
634 2275 832 2319 perspicua
858 2289 885 2319 φ
967 2280 1010 2310 23
1037 2275 1157 2310 felicis
1183 2275 1211 2309 F
1220 2284 1250 2318 φ
1332 2278 1375 2309 29
1407 2274 1463 2308 in-

115 2323 223 2356 tenta
250 2321 295 2355 F¹
393 2326 438 2356 30
464 2321 611 2366 aliquot
635 2324 767 2367 scripsi
803 2323 854 2367 qd
880 2323 944 2367 Ρφ
980 2323 1080 2367 quod
1106 2324 1129 2357 ὃ
1163 2324 1254 2366 quot
1279 2322 1319 2356 E.
