1591 2556
519 80 619 115 CAP.
646 78 985 114 XXVIIII—XXXI
1339 78 1421 119 211

82 178 326 233 pleramque
357 177 448 218 eius
475 175 770 218 anteuentulae
803 174 1085 229 contegebant
1115 174 1277 216 faciem.
1322 175 1425 217 haec

82 237 181 279 talis
218 251 346 279 manu
383 236 536 290 pistori
575 235 803 276 clementer
841 234 1012 288 iniecta,
1050 234 1171 287 quasi
1204 234 1423 288 quippiam

83 299 242 338 secreto
287 295 562 337 conlocutura
600 294 645 335 in
687 307 810 334 suum
853 292 933 334 siba·
973 292 1214 334 cubiculum
1257 293 1424 334 deducit

0 396 1 408 ¹
83 370 179 397 eum
213 358 255 396 et
286 354 467 395 adducta
496 353 586 394 fore
618 367 744 407 quam
777 351 1014 392 diutissime
1048 351 1301 393 demoratur.
1351 352 1425 393 sed

0 418 1 421 ’
47 433 63 459 5
83 429 178 456 cum
211 416 322 455 esset
346 413 430 454 iam
458 413 695 454 confectum
722 425 844 452 0111116
869 410 1144 465 frumentum,
1177 411 1290 465 quod
1316 411 1425 452 inter

81 487 232 514 manus
265 472 436 527 opifices
466 473 762 524 tractauerant‚
793 470 1114 525 necessarioque
1139 469 1228 525 peti
1254 469 1426 511 deberet

83 532 215 586 aliud,
260 531 419 573 seruuli
458 530 697 572 cubiculum
742 532 915 583 propter
953 529 1169 570 adstantes
1208 528 1425 570 dominum

82 591 291 633 uocabant
329 591 530 644 operique
568 588 908 643 supplementum
946 587 1231 642 postulabant.
1299 590 1426 642 atque

82 653 131 691 ut
162 650 248 691 illis
287 649 497 703 saepicule
535 652 576 690 et
614 647 932 689 interuocaliter
969 647 1250 688 clamantibus
1282 647 1425 688 nullus

30 727 64 753 ιο
83 709 302 764 respondit
334 708 541 761 dominus,
572 707 656 748 iam
682 706 815 748 forem
842 706 1010 760 pulsare
1036 706 1218 747 ualidius
1245 709 1287 748 et
1313 706 1427 761 quod

83 768 409 823 diligentis-sime
446 767 583 808 fuerat
621 765 907 820 oppessulata‚
945 765 1082 807 maius
1119 766 1323 820 peiusque
1355 765 1426 806 ali-

84 827 186 882 quid
225 827 445 881 opinantes
483 826 579 867 nisu
617 825 759 867 ualido
797 825 969 866 reducto
1008 824 1077 865 uel
1115 825 1308 866 diffracto
1342 839 1425 866 car·

84 887 179 927 dine
218 886 387 927 tandem
425 885 685 939 patefaciunt
723 884 895 925 aditum.
957 899 1032 925 nec
1064 883 1229 938 uspiam
1261 887 1427 937 reperta

83 945 157 986 illa
188 945 364 986 muliere
396 944 542 985 uident
575 959 595 985 e
629 944 811 998 quodam
843 942 983 998 tigillo
1017 943 1292 984 constrictum
1326 943 1424 983 iam-

23 1018 63 1048 15
83 1018 164 1059 que
194 1004 429 1045 exanimem
455 1003 636 1057 pendere
663 1003 880 1043 dominum
907 1016 1086 1056 eumque
1112 1002 1222 1044 nodo
1251 1001 1425 1043 ceruicis

37 1073 40 1076 ⁴
83 1062 324 1105 absolutum
359 1063 678 1116 detractumque
711 1061 887 1102 summis
922 1061 1199 1116 plangoribus
1232 1061 1424 1102 summis-

83 1137 165 1177 que
196 1121 571 1163 lamentationibus
605 1121 870 1174 <deplorant>
910 1123 1035 1174 atque
1068 1120 1219 1161 ultimo
1257 1119 1424 1161 lauacro

84 1183 314 1236 procurant
350 1180 616 1235 peractisque
655 1179 857 1221 feralibus
897 1179 1048 1220 officiis
1087 1179 1299 1234 frequenti
1333 1194 1426 1233 pro-

2 1280 3 1291 }
85 1242 286 1295 sequente
320 1239 524 1281 comitatu
555 1239 729 1280 tradunt
760 1238 1012 1292 sepulturae.

2 1302 3 1349 ζ
31 1318 65 1343 20
173 1297 326 1340 XXXI.
371 1298 450 1339 Die
483 1298 676 1353 sequenti
708 1297 796 1338 filia
828 1297 916 1338 eius
951 1297 1132 1338 accurrit
1164 1312 1185 1338 e
1216 1311 1424 1351 proxumo

85 1358 270 1412 castello,
290 1358 333 1398 in
356 1357 468 1412 quod
487 1357 650 1412 pridem
672 1357 936 1411 denupserat,
962 1359 1122 1398 maesta
1142 1359 1267 1410 atque
1290 1356 1425 1396 crines

82 1416 289 1472 pendulos
311 1417 505 1472 quatiens
532 1419 573 1457 et
599 1416 810 1457 interdum
837 1416 992 1470 pugnis
1019 1415 1259 1457 obtundens
1285 1415 1426 1468 ubera,

84 1491 190 1530 quae
215 1475 333 1517 nullo
360 1476 530 1530 quidem
551 1475 699 1516 domus
726 1475 1006 1516 infortunium
1028 1475 1249 1515 nuntiante
1277 1476 1428 1515 cuncta

85 1537 300 1590 cognorat,
331 1535 405 1575 sed
436 1535 474 1576 ei
499 1549 575 1589 per
601 1534 785 1589 quietem
813 1533 970 1575 obtulit
996 1548 1087 1575 sese
1112 1533 1267 1574 flebilis
1292 1533 1426 1587 patris

31 1612 66 1638 25
85 1594 151 1635 sui
193 1594 321 1635 facies
365 1593 500 1635 adhuc
542 1594 651 1634 nodo
693 1594 882 1634 reuincta
923 1593 1085 1634 ceruice
1123 1593 1245 1646 eique
1286 1595 1426 1633 totum

85 1667 290 1694 nouercae
328 1652 462 1693 scelus
501 1652 683 1707 aperuit,
722 1652 771 1693 de
804 1651 1010 1693 adulterio
1051 1652 1099 1693 de
1137 1651 1344 1693 maleficio
1384 1654 1426 1692 et

87 1726 212 1766 quem
254 1711 306 1752 ad
345 1711 518 1753 modum
558 1711 747 1752 laruatus
787 1711 839 1752 ad
876 1710 1033 1752 inferos
1073 1711 1316 1752 demeasset.
1380 1724 1428 1751 ea

87 1785 182 1812 cum
215 1785 258 1812 se
291 1770 454 1812 diutino
493 1770 696 1825 plangore
728 1771 972 1824 cruciasset,
1011 1784 1217 1811 concursu
1249 1769 1426 1810 familia-

86 1830 196 1871 rium
243 1828 428 1871 cohibita
471 1829 640 1870 tandem
685 1844 859 1883 pausam
902 1828 1036 1870 luctui
1080 1829 1190 1870 feeit.
1260 1829 1427 1882 iamque

184 2008 201 2038 1
243 2003 507 2038 anteuentulae
541 2005 651 2050 uulyo
696 1998 938 2038 anceuentule
975 2003 1040 2048 Fq)
1091 2003 1337 2038 anxeuentnle
1373 2005 1394 2037 δ
1403 2015 1427 2047 g

89 2050 362 2096 antependulae
393 2051 484 2086 Bsn.
511 2052 566 2086 cll.
594 2054 648 2085 32.
665 2055 725 2096 253
759 2055 890 2095 91.18,
921 2052 983 2086 secl
1013 2052 1057 2095 cf.
1086 2051 1188 2086 Flor.
1214 2054 1307 2086 4.10
1327 2051 1425 2094 (Κν.)

90 2102 109 2131 2
140 2097 291 2142 pistoris
329 2098 456 2143 Fcpffg
576 2101 595 2131 3
631 2097 704 2132 sibi
734 2100 801 2134 ins.
835 2099 910 2133 Pet.
945 2098 1059 2133 Kron.
1111 2097 1311 2132 sibiculum
1344 2097 1426 2140 Flzp

28 2163 37 2170 —
91 2148 109 2178 7
136 2145 232 2179 serui
259 2158 286 2189 φ
393 2149 412 2179 9
438 2144 719 2180 interuocaliter
744 2147 822 2181 cdd.
849 2150 1015 2190 corrupte
1038 2146 1082 2189 cf.
1112 2149 1166 2179 14.
1183 2149 1201 2179 7
1245 2143 1426 2179 intentius

89 2191 269 2226 uocaliter
293 2192 384 2227 Bsn.
412 2191 598 2237 saepicule
624 2194 662 2227 et
686 2192 868 2227 uocaliter
892 2192 1240 2228 interclamantibus
1262 2191 1428 2234 Wo'lfflz'n

89 2239 144 2274 cll.
160 2239 275 2274 Amm.
290 2239 408 2275 Marc.
425 2243 479 2276 31.
498 2243 551 2274 13.
570 2243 585 2272 1
613 2251 700 2274 num
712 2240 786 2283 fuit
798 2239 985 2274 interdum
999 2239 1206 2274 uocaliter?
1282 2242 1322 2272 12
1343 2237 1426 2271 nisu

90 2310 113 2344 δ
143 2308 216 2343 nisi
241 2308 269 2342 F
306 2295 328 2345 1¹1
355 2324 383 2354 φ
474 2315 514 2345 17
544 2309 797 2357 <deplorant>
826 2312 960 2345 {merui

1076 2368 1142 2402 14*
