1591 2556
130 124 156 164 6
723 121 851 156 LIBRI
875 121 891 155 Ι

131 218 360 273 spectaculi
393 218 496 259 satis
534 218 839 273 famigerabilis
878 232 972 259 con-
1000 218 1056 272 [p.
1077 216 1114 258 5.
1135 217 1203 271 Ε]
1237 219 1390 271 sector,
1428 218 1471 258 in

130 278 207 319 has
239 292 460 319 aerumnas
492 277 631 318 incidi.
693 292 791 318 nam
823 279 871 318 ut
903 277 984 318 scis
1023 277 1200 331 optime,
1241 276 1471 318 secundum

132 339 354 391 quaestum
386 336 676 378 Macedoniam
715 336 948 390 profectus,
993 336 1092 376 dum
1128 351 1273 377 mense
1309 335 1470 376 decimo

130 396 287 437 ibidem
308 398 497 437 attentus
517 396 777 436 nummatior
796 397 1000 448 reuortor,
1019 394 1184 436 modico
1205 395 1323 449 prius
1344 408 1471 448 quam

128 454 341 496 Larissam
381 454 636 504 accederem,
674 468 750 507 per
786 454 1014 494 transitum
1055 453 1342 507 spectaculum
1384 453 1470 494 obi-

129 516 263 567 turus,
295 514 339 554 in
372 513 552 567 quadam
586 512 681 553 auia
712 516 754 553 et
784 512 985 553 lacunosa
1017 512 1199 553 conualli
1233 527 1256 553 a
1281 512 1470 554 uastissi-

128 573 209 614 mis
229 573 467 614 latronibus
488 572 685 613 obsessus
706 574 832 626 atque
859 571 1056 612 omnibus
1081 571 1274 625 priuatus
1300 571 1470 613 tandem

129 632 260 673 euado
294 635 353 685 et,
390 634 539 685 utpote
570 630 720 672 ultime
753 630 962 684 adfectus,
1001 630 1053 670 ad
1085 630 1294 684 quandam
1321 644 1470 684 caupo-

1491 472 1506 497 5

128 705 225 731 nam
266 665 456 743 Meroen
499 704 626 730 anum
667 689 741 731 sed
781 664 1008 730 admodum
1053 689 1248 750 scitulam
1294 689 1557 730 deuortow

128 750 250 803 eique
277 764 423 790 causas
450 751 491 789 et
510 748 863 804 peregrinationis
885 737 1195 789 diuturnae
1134 737 1184 789 et
1197 736 1470 789 domuitionis

130 809 278 850 anxiae
299 811 341 849 et
361 808 628 862 spoliationis
649 808 892 862 [diuturnae
914 810 955 848 et
976 806 1094 861 dum]
1121 807 1298 848 miserae
1317 807 1470 848 r·:efe10

130 882 236 922 quae
279 882 344 909 me
388 867 515 907 nimis
557 882 683 921 quam
721 866 904 907 humane
943 869 1124 907 tractare
1162 866 1309 907 adorta
1346 880 1470 907 cenae

129 929 274 981 gratae
313 929 439 980 atque
478 926 687 980 gratuitae
726 940 772 967 ac
809 940 909 966 mox
946 925 1111 980 urigine
1148 925 1310 979 percita
1342 924 1470 966 cubili

129 1000 204 1027 suo
244 985 438 1039 adplicat.
501 988 542 1026 et
582 985 727 1026 statim
765 984 894 1026 miser
930 987 978 1025 ut
1016 999 1112 1025 cum
1150 984 1223 1025 illa
1260 984 1469 1038 adquieui,

129 1045 179 1085 ab
225 1045 349 1085 unico
394 1057 623 1099 congressu
667 1045 909 1085 damnosam
957 1058 1004 1084 ac
1054 1043 1322 1097 pestilentem
1373 1057 1470 1084 con-

128 1104 434 1157 (suetudinem)
454 1102 657 1144 contraho
679 1106 721 1143 et
746 1103 859 1156 ipsas
880 1102 1007 1143 etiam
1032 1102 1218 1156 lacinias,
1240 1117 1343 1156 quas
1369 1101 1470 1142 boni

127 1163 314 1203 latrones
341 1162 602 1217 contegendo
627 1161 735 1203 mihi
761 1164 1066 1215 concesserant,
1098 1161 1143 1201 in
1175 1176 1265 1202 eam
1298 1160 1470 1214 contuli,

127 1221 331 1275 sportulas
364 1221 504 1276 etiam,
537 1235 641 1275 quas
674 1220 810 1261 adhuc
841 1223 1020 1275 uegetus
1052 1220 1281 1261 saccariam
1311 1219 1470 1261 faciens

128 1280 353 1334 merebam,
386 1280 525 1334 quoad
549 1295 617 1321 me
643 1280 695 1320 ad
719 1279 847 1320 istam
872 1279 1034 1333 faciem,
1067 1294 1193 1333 quam
1218 1278 1345 1333 paulo
1373 1281 1470 1320 ante

128 1339 287 1393 uidisti,
319 1339 429 1380 bona
461 1354 568 1380 uxor
600 1341 641 1380 et
671 1338 783 1379 mala
813 1339 985 1379 fortuna
1015 1338 1241 1392 perduxit.’

217 1397 334 1439 VIII.
376 1398 470 1439 ‘Pol
503 1398 671 1452 quidem
703 1400 751 1438 tu
783 1398 953 1452 dignus’
985 1397 1157 1451 inquam
1190 1397 1250 1438 ‘es
1282 1399 1470 1437 extrema

129 1457 350 1511 sustinere,
382 1457 524 1511 siquid
555 1460 619 1498 est
650 1460 792 1497 tamen
830 1457 1063 1497 nouissimo
1105 1456 1351 1509 extremius,
1396 1455 1469 1509 qui

128 1516 394 1570 uoluptatem
445 1516 659 1557 ueneriam
704 1518 746 1556 et
795 1518 982 1556 scortum
1038 1517 1248 1556 scorteum
1299 1514 1378 1555 lari
1428 1517 1470 1555 et

128 1575 274 1616 liberis
307 1574 575 1629 praetulisti.’
608 1578 650 1615 at
682 1574 752 1615 ille
786 1574 967 1629 digitum
1000 1589 1023 1614 a
1048 1573 1200 1628 pollice
1226 1573 1469 1628 proximum

225 1707 242 1736 1
270 1702 569 1748 famigerabilem
595 1716 622 1746 φ
721 1706 739 1736 2
766 1704 808 1736 ut
834 1713 872 1736 se
898 1701 928 1736 is
955 1701 1018 1746 Fq)
1105 1705 1125 1735 3
1150 1700 1410 1735 Macedoniam
1433 1711 1469 1745 g,

130 1750 279 1785 Colm'us
303 1751 348 1793 cf.
376 1751 425 1785 ad
451 1754 504 1784 13.
521 1753 540 1783 3
584 1749 624 1783 in
649 1750 696 1783 Μ.
724 1750 813 1784 Bsn.
857 1748 1078 1802 Macedonia
1104 1748 1131 1782 F
1141 1762 1168 1792 φ
1288 1752 1310 1782 4
1341 1758 1470 1781 numa-

130 1821 204 1855 tior
235 1834 262 1865 φ
379 1824 398 1854 6
426 1820 612 1855 conuallia
644 1821 708 1865 Fq2
831 1824 850 1854 7
882 1805 1017 1864 pluatuq
1045 1820 1072 1854 F
1111 1805 1141 1865 (Q
1169 1830 1186 1854 e
1211 1819 1356 1862 rasura)
1393 1817 1470 1870 pri-

130 1870 240 1902 uatur
260 1881 287 1912 φ
315 1870 352 1912 (εἴ.
371 1879 416 1902 m.
437 1868 620 1912 priuatus)
697 1871 737 1902 11
761 1867 897 1914 diurne
918 1867 947 1901 8<
968 1867 1055 1901 dum
1073 1867 1217 1902 seclusit
1235 1866 1275 1900 E.
1352 1869 1393 1899 12
1413 1877 1469 1898 m-

130 1915 199 1949 mis
225 1926 337 1958 quam
364 1914 800 1950 K0012.Mus.Rh.XXX.
823 1918 906 1957 6373
935 1914 1069 1949 Rohde.
1097 1914 1196 1948 Mus.
1223 1913 1292 1948 Rh.
1319 1912 1380 1947 XL
1407 1915 1467 1955 96;

131 1974 272 2018 Haupt.
293 1985 410 2018 opusc.
432 1973 492 2008 III.
513 1977 597 2015 4813
626 1973 675 2008 H.
692 1973 838 2008 Mw‘ille'r.
859 1977 904 2007 45
943 1985 1013 2020 que
1040 1966 1105 2007 eni
1125 1972 1182 2006 his
1210 1972 1247 2016 (h
1267 1972 1467 2015 inductum)

1059 2029 1075 2046 (Ζ

130 2056 158 2090 F
179 2066 249 2100 que
270 2046 302 2090 ei
320 2055 352 2090 is
373 2069 400 2100 φ
427 2067 522 2100 quae
543 2067 599 2090 me
620 2055 740 2100 magis
755 2067 867 2099 quam
886 2055 926 2090 Ε.
997 2059 1039 2089 14
1058 2057 1138 2090 tum
1157 2055 1184 2088 F
1254 2058 1295 2089 15
1317 2054 1470 2088 damno-

131 2114 211 2137 sam
230 2103 377 2138 IVou-er.
454 2108 506 2137 15.
530 2108 571 2138 16
600 2102 961 2149 <consuetudinem>
980 2104 1118 2138 inserui
1151 2112 1350 2147 congressu
1376 2112 1468 2135 anus

130 2161 266 2184 noxam
291 2149 529 2194 pestilentem
551 2150 729 2185 contraho
749 2162 826 2185 cum
849 2150 1116 2195 Lindenbroyio
1130 2149 1169 2184 E.
1209 2148 1470 2193 contagionem

131 2220 309 2256 contraho
337 2221 407 2255 Lu.
453 2206 617 2256 annosai*
649 2232 691 2255 ac
722 2205 924 2265 pestilenteS
947 2222 971 2256 E
996 2219 1172 2254 contraho
1199 2219 1226 2253 F
1259 2205 1399 2255 annosa
1426 2230 1468 2255 ac

131 2277 311 2348 pestilente
338 2305 440 2348 (corr.
467 2315 511 2338 m.
538 2306 619 2347 rec.)
655 2307 701 2339 E*
733 2303 885 2338 cotraho
918 2317 944 2346 φ
1049 2307 1091 2338 18
1124 2301 1309 2347 sportulas
1341 2303 1470 2348 scripsi

132 2353 177 2394 cf.
207 2355 283 2386 12⁶2.
305 2355 324 2386 6
352 2350 521 2395 operulas
549 2352 626 2386 cdd.
726 2354 768 2384 19
795 2351 932 2396 quoad]
960 2349 1009 2394 qd
1035 2350 1062 2384 F
1088 2361 1113 2393 q
1139 2364 1165 2394 φ

1491 766 1524 790 10

1490 1060 1522 1086 15

1489 1356 1523 1381 20
