1591 2556
133 100 191 141 54
700 100 829 135 LIBRI
854 101 905 136 ΙΙΙ

133 197 295 239 tionem
344 196 505 238 idoneis
554 196 696 238 uerbis
746 198 953 252 expedire.
1015 212 1111 239 nam
1156 197 1359 239 cadauera
1401 196 1474 238 illa

133 255 423 311 iugulatorum
453 255 675 297 hominum
700 259 821 297 erant
845 259 930 298 tres
957 259 1073 299 utres
1098 257 1235 298 inflati
1260 256 1473 312 uariisque

133 315 239 357 secti
275 315 555 356 foraminibus
588 318 647 369 et,
685 318 733 356 ut
764 316 1053 370 uespertinum
1092 316 1302 370 proelium
1332 329 1474 356 meum

132 374 395 428 recordabar,
426 373 493 415 his
524 374 629 415 locis
661 374 839 428 hiantes,
866 374 1019 429 quibus
1045 375 1232 416 latrones
1260 374 1358 416 illos
1383 373 1473 416 uul-

132 447 390 475 neraueram.
1493 449 1509 475 5

218 491 269 534 X.
325 492 444 532 Tunc
476 491 547 532 ille
580 491 845 545 quorundam
888 494 982 533 astu
1014 492 1229 547 paulisper
1261 492 1474 534 cohibitus

131 551 242 593 risus
273 550 406 592 libere
438 550 520 591 iam
554 551 712 592 exarsit
744 551 787 591 in
818 550 996 604 plebem.
1060 551 1106 592 hi
1144 552 1287 607 gaudii
1328 551 1474 593 nimie-

132 613 220 651 tate
253 610 476 664 gratulari,
515 609 579 650 illi
618 609 807 651 dolorem
846 610 1007 651 uentris
1038 625 1240 652 manuum
1267 625 1474 665 compres-

131 670 249 710 sione
291 669 436 709 sedare
481 671 522 709 et
566 671 677 709 certe
720 668 884 709 laetitia
926 669 1104 710 delibuti
1144 684 1295 724 meque
1337 684 1473 724 respe-

131 730 295 769 ctantes
316 728 457 769 cuncti
477 727 643 768 theatro
663 727 888 769 facessunt.
922 730 966 769 at
986 726 1076 783 ego,
1089 731 1138 769 ut
1156 729 1341 783 primum
1355 728 1473 769 illam
1494 745 1529 770 ιο

127 787 327 828 laciniam
358 786 626 841 prenderam,
662 787 774 827 fixus
812 787 855 827 in
892 787 1031 841 lapide
1070 788 1171 829 steti
1215 788 1272 842 [p.
1304 787 1372 828 45.
1403 787 1473 841 E]

132 846 309 901 gelidus,
345 845 454 887 nihil
479 860 598 887 secus
626 860 752 900 quam
778 861 862 887 una
887 847 937 887 de
963 847 1112 888 ceteris
1138 846 1296 888 theatri
1321 846 1474 888 statuis

130 905 199 947 uel
232 905 451 946 columnis.
501 920 579 946 nec
609 905 728 959 prius
760 905 812 946 ab
845 905 991 946 inferis
1024 906 1176 947 emersi
1210 921 1336 960 quam
1367 904 1473 947 Milo

128 964 284 1018 hospes
317 964 494 1005 accessit
526 967 568 1005 et
599 964 753 1005 iniecta
793 979 920 1005 manu
959 980 1025 1006 me
1062 965 1316 1007 renitentem
1354 964 1474 1006 lacri-

128 1024 295 1078 misque
320 1038 489 1065 rursum
515 1023 850 1077 promicantibus
877 1024 1023 1065 crebra
1048 1024 1368 1079 singultientem
1395 1023 1473 1065 cle-
1494 1038 1526 1065 15

130 1083 262 1124 menti
294 1083 499 1123 uiolentia
531 1097 672 1124 secum
705 1082 890 1123 adtraxit
922 1086 964 1124 et
995 1083 1232 1124 obseruatis
1257 1083 1355 1124 uiae
1377 1082 1472 1123 soli-

129 1142 350 1183 tudinibus
374 1156 449 1195 per
469 1141 673 1195 quosdam
694 1142 923 1183 amfractus
944 1142 1115 1183 domum
1136 1157 1256 1183 suam
1275 1141 1474 1196 perduxit

129 1203 424 1256 maestumque
456 1215 523 1241 me
555 1203 681 1255 atque
714 1201 840 1241 etiam
874 1204 973 1242 tunc
1002 1201 1215 1255 trepidum
1247 1201 1378 1242 uariis
1409 1215 1472 1241 so-

128 1260 243 1302 latur
274 1260 484 1301 affatibus.
522 1275 599 1301 nec
625 1262 767 1301 tamen
792 1260 1129 1315 indignationem
1154 1260 1346 1314 iniuriae,
1365 1274 1472 1314 quae

128 1319 369 1360 inhaeserat
406 1319 534 1360 altius
571 1333 664 1360 meo
702 1319 884 1373 pectori,
922 1319 1009 1360 ullo
1050 1320 1175 1360 modo
1213 1318 1473 1373 permulcere
1492 1335 1527 1361 20

131 1378 280 1433 quiuit.
329 1376 402 1419 XI.
429 1392 521 1419 ecce
553 1378 650 1419 ilico
677 1378 805 1419 etiam
831 1378 913 1433 ipsi
945 1379 1223 1433 magistratus
1256 1393 1351 1420 cum
1383 1378 1471 1419 suis
1582 1367 1591 1420 'l

129 1437 369 1492 insignibus
396 1437 567 1478 domum
593 1440 782 1478 nostram
808 1437 989 1492 ingressi
1021 1437 1179 1478 talibus
1204 1452 1271 1478 me
1296 1437 1471 1478 monitis

131 1497 313 1538 delenire
346 1497 536 1551 gestiunt

218 1555 383 1610 ‘Neque
415 1558 512 1596 tuae
545 1555 766 1609 dignitatis
799 1555 867 1597 uel
899 1555 1025 1596 etiam
1052 1555 1273 1609 prosapiae
1299 1558 1471 1596 tuorum

128 1615 267 1670 ignari
299 1629 457 1668 sumus,
486 1613 592 1654 Luci
619 1614 797 1656 domine.
850 1629 948 1654 nam
975 1617 1017 1655 et
1041 1614 1305 1668 prouinciam
1336 1616 1473 1655 totam
1492 1629 1525 1656 25

130 1674 301 1716 inclitae
338 1676 505 1715 uestrae
535 1673 721 1715 familiae
753 1673 954 1714 nobilitas
988 1673 1279 1727 conplectitur.
1342 1687 1389 1714 ac
1420 1687 1472 1714 ne

130 1734 246 1775 istud
279 1733 391 1787 quod
423 1732 696 1774 uehementer
727 1733 997 1788 ingemescis,
1028 1732 1309 1774 contumeliae
1347 1746 1473 1773 causa

130 1807 354 1847 perpessus
381 1807 435 1833 es.
475 1806 642 1832 omnem
668 1792 811 1846 itaque
839 1792 888 1833 de
914 1794 987 1832 tuo
1013 1794 1182 1845 pectore
1207 1794 1472 1845 praesentem

129 1851 437 1893 tristitudinem
475 1850 597 1892 mitte
636 1854 678 1892 et
722 1865 921 1906 angorem
966 1850 1096 1891 animi
1140 1850 1311 1904 depelle.
1373 1864 1472 1891 nam

128 1911 248 1952 lusus
292 1911 391 1964 iste,
435 1924 559 1964 quem
603 1910 771 1964 publice
822 1910 1064 1965 gratissimo
1110 1909 1186 1950 deo
1230 1909 1354 1950 Risui
1397 1923 1472 1963 per
1491 1925 1525 1951 3⁰

130 1984 268 2011 annua
300 1969 552 2011 reuerticula
581 1969 844 2010 sollemniter
869 1969 1141 2021 celebramus,
1173 1983 1339 2022 semper
1364 1982 1472 2025 com-

1584 367 1591 512 *ῌῌ
1587 348 1591 354 .

1579 735 1591 864 ,Λα-..ἐί-
1587 717 1591 725 .
1584 667 1591 678 ⁴.

226 2101 246 2131 3
279 2099 321 2131 ut
346 2107 411 2131 om.
439 2110 466 2140 φ
565 2101 584 2131 8
617 2096 802 2141 gratulari
832 2098 901 2131 uia:
925 2108 1054 2132 sanwn
1081 2095 1308 2140 strangulari
1333 2095 1472 2130 Cornel.

133 2144 297 2179 dolerem
320 2144 366 2178 1¹2
391 2145 435 2186 cf.
457 2179 461 2183 ,
502 2153 518 2178 r.
537 2147 554 2178 7
655 2147 695 2177 12
723 2155 835 2178 unam
863 2144 929 2186 Ftp
1028 2146 1071 2177 13
1096 2142 1213 2177 milon
1238 2142 1285 2176 F‘2
1309 2143 1354 2185 cf.
1382 2146 1437 2177 46.
1453 2146 1473 2176 9

133 2196 176 2227 14
214 2184 437 2226 retinentem
454 2184 504 2235 ''cp
610 2195 651 2225 15
690 2190 951 2236 singultientes
989 2190 1089 2234 Fltp¹
1205 2194 1247 2224 16
1286 2189 1474 2224 obser-uati

133 2262 208 2297 suis
234 2261 281 2296 F¹
306 2261 514 2297 obseruatis
535 2261 595 2296 uie
621 2261 730 2306 F²3g
767 2261 1017 2303 obseruatisui
1043 2275 1070 2306 φ
1152 2265 1196 2296 ‘29
1229 2244 1421 2305 langgrem
1446 2273 1473 2304 φ

1580 2044 1582 2060 ι

1577 2139 1580 2168 i

135 2335 172 2379 (u
197 2334 280 2368 add.
302 2344 345 2368 m.
367 2334 410 2377 r.)
486 2336 529 2367 30
557 2317 603 2367 dg
620 2332 710 2366 risui
731 2332 758 2366 F
789 2318 928 2367 dSrisui
954 2346 981 2377 φ
1562 2317 1583 2395 ᾗ

1564 2445 1575 2556 l
