1591 2556
68 739 103 763 10

68 1034 101 1059 15

65 1329 101 1354 20

66 1624 100 1649 25

673 90 773 126 CAP.
800 91 916 137 If-IH
1414 92 1469 133 23

124 203 236 241 erro,
279 190 449 242 repente
490 201 557 228 me
594 187 761 228 nescius
798 187 937 228 forum
980 188 1190 242 cupidinis
1230 188 1365 230 intuli.
1429 192 1470 230 et

126 261 218 288 ecce
239 247 457 288 mulierem
478 246 721 300 quampiam
741 246 954 300 frequenti
974 247 1176 301 stipatam
1202 248 1468 289 famulitione

125 306 280 347 ibidem
322 304 581 360 gradientem
628 305 861 346 adcelerato
912 306 1096 360 uestigio
1148 307 1468 360 comprehendo.

125 379 273 406 aurum
310 365 354 405 in
392 364 517 406 comis
561 367 603 405 et
641 365 683 405 in
716 364 890 418 tunicis,
934 365 993 406 ibi
1032 365 1253 419 inflexum,
1297 365 1366 407 hic
1410 367 1468 407 in-

125 427 288 465 textum
307 425 544 464 matronam
565 423 754 477 profecto
776 423 1068 465 confitebatur.
1113 423 1240 465 huius
1273 424 1468 466 adhaere-

125 483 196 523 bat
226 482 349 523 lateri
382 497 510 524 senex
542 483 625 523 iam
658 483 801 537 grauis
833 483 877 523 in
909 483 1048 537 annis,
1088 483 1160 537 qui
1199 486 1246 524 ut
1283 484 1467 537 primum

122 556 188 582 me
220 541 441 595 conspexit
479 542 573 583 test'
612 542 751 596 inquit
789 541 1013 596 ‘hel-cules,
1056 542 1230 583 Lucius’
1271 545 1314 583 et
1345 543 1470 584 offert

123 600 314 642 osculum
340 604 382 642 et
402 601 547 642 statim
574 601 781 642 incertum
809 601 1010 655 quidnam
1037 602 1080 642 in
1106 616 1250 643 aurem
1276 601 1468 643 mulieris

122 660 352 715 obganniit.
416 660 550 714 ‘quin'
589 660 728 714 inquit
770 661 913 701 tetiam
957 661 1046 715 ipse
1088 664 1306 714 parentem
1348 664 1466 703 tuam

123 719 284 760 accedis
317 722 358 760 et
391 718 597 760 salutas?
637 719 816 760 ‘uereor’
849 720 1021 774 inquam
1055 720 1240 775 ‘ignotae
1272 720 1379 761 mihi
1410 721 1466 762 fe-

121 778 275 820 minae'
308 781 350 819 et
381 779 527 819 statim
559 778 711 820 rubore
745 779 931 820 suffusus
964 780 1124 821 deiecto
1153 780 1288 833 capite
1315 780 1466 820 restiti.

122 840 164 878 at
190 837 263 878 illa
289 840 487 892 optutum
508 838 551 878 in
571 853 637 879 me
659 852 862 879 conuersa
890 838 972 879 ‘en'
999 839 1138 893 inquit
1159 839 1466 880 ‘sanctissimae

122 895 288 938 Saluiae
314 897 463 938 matris
489 910 692 952 generosa
717 897 919 951 probitas.
953 898 1027 949 sed
1052 901 1093 938 et
1114 901 1251 939 cetera
1277 899 1466 952 corporis

121 956 414 997 execrabiliter
457 956 508 996 ad
549 956 740 1011 regulam
785 956 888 1010 [qua
930 946 1156 1011 diligenter
1197 957 1357 1011 aliquid
1399 957 1466 998 ad

121 1015 307 1070 fingunt]
341 1018 441 1056 sunt
473 1016 767 1070 congruentia:
800 1016 1031 1057 inenormis
1063 1017 1465 1070 p1·oce1itas,sucu-

120 1073 235 1115 lenta
266 1074 493 1129 gracilitas
524 1075 654 1116 1111101·
686 1078 956 1141 tempeiatus,
988 1076 1147 1117 flauum
1174 1078 1215 1116 et
1240 1075 1465 1117 inadfecta-

121 1136 213 1174 tum
245 1108 515 1187 capillitiuni,
554 1133 665 1175 oculi
697 1134 824 1175 caesii
856 1135 1025 1188 quidem
1059 1135 1131 1176 sed
1163 1134 1315 1189 uigiles
1347 1138 1389 1176 et
1421 1135 1465 1176 in

122 1195 293 1246 aspectu
331 1193 535 1233 micantes
579 1207 752 1247 prorsus
797 1193 992 1247 aquilini,
1034 1208 1080 1234 os
1119 1208 1463 1247 quoquouersum

121 1251 332 1305 floridum,
364 1252 579 1305 speciosus
613 1254 654 1292 et
686 1252 974 1293 immeditatus
1007 1252 1223 1293 incessus’

209 1309 284 1351 ΠΙ.
321 1310 380 1351 Et
406 1311 559 1352 adiecit
591 1311 684 1365 eego
717 1313 758 1352 te
792 1310 854 1365 [o]
886 1311 992 1352 Luci
1018 1311 1122 1352 meis
1148 1311 1243 1352 istis
1269 1312 1464 1353 manibus

121 1369 317 1423 educaui,
368 1370 515 1423 quidni
558 1370 745 1423 parentis
790 1373 886 1410 tuae
934 1385 1017 1411 non
1067 1370 1192 1411 modo
1244 1371 1463 1425 sanguinis

120 1443 269 1469 uerum
301 1427 597 1469 alimoniarum
630 1429 757 1470 etiam
790 1430 913 1470 socia.
962 1444 1059 1470 nam
1099 1432 1141 1470 et
1171 1429 1335 1470 familia
1366 1429 1462 1471 Plu-

119 1486 256 1528 tarchi
283 1488 428 1529 ambae
454 1490 685 1542 prognatae
712 1502 858 1529 sumus
885 1491 927 1529 et
954 1488 1010 1542 [p.
1029 1488 1165 1542 19.E]
1188 1488 1362 1529 eandem
1389 1504 1462 1530 nu-

120 1546 269 1588 tricem
313 1546 440 1588 simul
483 1546 670 1587 bibimus
715 1550 756 1588 et
799 1547 843 1588 in
886 1562 997 1588 nexu
1042 1547 1336 1602 germanitatis
1380 1563 1464 1589 una

121 1605 365 1647 coaluimus.
398 1621 474 1647 nec
501 1605 616 1647 aliud
641 1620 717 1647 nos
745 1621 871 1660 quam
898 1606 1084 1661 dignitas
1111 1607 1323 1660 discernit,
1349 1608 1463 1661 quod

119 1733 159 1768 in
183 1733 273 1768 luxu
297 1733 466 1778 nepotali
491 1733 602 1768 simul
622 1735 690 1768 ost.
717 1734 757 1768 E.
784 1733 824 1768 111
842 1733 932 1768 luxu
951 1734 1164 1778 nepotalem
1184 1734 1286 1769 simii
1305 1735 1463 1770 hostiati

119 1781 184 1825 Fcp
215 1781 255 1815 in
285 1780 375 1815 luxu
406 1781 611 1815 temulento
643 1780 838 1815 hostiatim
870 1781 971 1816 simil*
996 1781 1030 1815 V
1061 1783 1187 1816 tamen
1218 1782 1257 1816 in
1287 1781 1376 1816 luxu
1407 1784 1462 1817 te-

119 1828 285 1863 mulento
317 1827 449 1862 similis
489 1829 570 1863 Urb.
609 1829 735 1863 tamen
768 1828 855 1863 dum
891 1828 930 1862 in
961 1828 1050 1862 luxu
1088 1829 1292 1864 temulento
1328 1829 1459 1864 similis

126 1875 204 1910 Vat.
232 1880 334 1919 2091,
362 1877 432 1920 ὃς,
458 1875 498 1909 111
522 1875 611 1909 luxu
637 1875 804 1920 nepotali
830 1876 994 1911 esuriens
1020 1876 1143 1911 Rohde
1170 1877 1258 1910 dum
1282 1876 1336 1911 ita
1362 1877 1460 1912 lixae

117 1922 285 1967 nepotali
318 1922 450 1956 similis
482 1923 572 1958 Bsn.
606 1921 717 1966 (lixae
744 1925 835 1958 com'.
864 1924 973 1968 Seal.)
1016 1923 1056 1957 in
1086 1923 1213 1957 luxum
1247 1924 1461 1977 nepotalem

117 1969 283 2005 intentus
296 1969 492 2015 potulento
508 1969 639 2004 similis
654 1970 774 2015 Luetj
840 1974 857 2004 1
878 1970 1024 2005 nescius
1041 1971 1200 2014 Colm‘us,
1214 1972 1269 2016 dg
1294 1971 1461 2006 nescium

116 2041 180 2084 Ἐφ
201 2042 245 2085 ef.
257 2044 334 2075 185.
345 2044 388 2075 20
450 2045 469 2074 2
491 2025 735 2085 famulatione
761 2055 788 2085 φ
862 2045 884 2075 4
904 2041 1017 2076 comis
1044 2042 1149 2077 Hild.
1181 2042 1337 2087 gemmis
1364 2042 1459 2086 Ἑφδ

118 2087 294 2123 inflexum
319 2088 420 2133 egE.
447 2088 617 2122 inflesum
641 2087 705 2132 qu
732 2088 934 2133 implexum
960 2089 1061 2133 Lips
1161 2093 1204 2123 10
1237 2089 1393 2124 accedas
1420 2092 1456 2124 et

118 2135 242 2170 saluta
274 2149 301 2180 φ
400 2139 442 2169 11
475 2135 619 2170 deiecto
648 2136 745 2170 Colu
760 2137 956 2171 cumBerut
983 2137 1028 2180 cf.
1044 2137 1089 2171 R.
1105 2137 1222 2171 d.Ph.
1251 2140 1351 2170 1885.
1381 2141 1458 2179 100,

118 2183 251 2218 Rohde.
274 2183 458 2218 Mus.Rh.
476 2187 576 2217 1875.
597 2186 665 2216 270
686 2188 718 2218 et
736 2184 839 2226 infra
859 2187 914 2219 39,
930 2187 991 2227 223
1013 2188 1068 2229 53,
1083 2188 1144 2227 313
1167 2187 1298 2227 78.15;
1322 2187 1398 2217 192.
1413 2187 1457 2218 27

118 2257 172 2288 14.
189 2257 232 2288 15
259 2254 348 2299 [qua
362 2275 406 2279 —
421 2253 632 2299 adfingunt]
652 2254 730 2288 secl.
749 2253 838 2289 Oad.
867 2254 1036 2299 adfigunt
1056 2256 1077 2289 ὃ
1104 2255 1204 2300 sunt]
1226 2241 1277 2288 si⁷l
1296 2253 1322 2287 F
1350 2254 1393 2287 si’
1413 2255 1461 2298 φ1

117 2334 182 2358 om.
203 2325 225 2358 ὃ
323 2328 364 2359 17
398 2324 475 2371 ceci
498 2326 501 2369 l
526 2309 629 2369 siqdi'e
656 2323 753 2369 Fcpg
848 2324 887 2358 in
913 2336 978 2360 om.
999 2325 1025 2358 F
1125 2329 1168 2359 -20
1195 2336 1214 2359 o
1242 2325 1428 2369 0n2..F1q>1
