1591 2556
128 83 213 124 246
701 82 830 117 LIBRI
855 82 888 117 X

122 179 318 234 contagio
351 178 585 220 macularer
622 178 691 220 uel
728 179 903 220 infamia
941 178 1101 232 publici
1139 177 1369 232 spectaculi
1400 178 1468 220 de-

120 238 403 292 pudescerem.
465 238 539 279 sed
569 238 762 292 priuatus
794 237 980 279 humana
1011 252 1151 290 manu,
1183 237 1376 291 priuatus
1408 237 1468 278 di-

121 297 241 352 gitis,
278 297 438 352 ungula
469 297 654 338 rutunda
691 300 817 351 atque
850 296 1001 337 mutila
1038 296 1227 350 gladium
1259 296 1467 351 stringere

121 371 387 410 nequaquam
407 358 610 410 poteram.
654 356 777 410 plane
804 355 922 396 tenui
948 354 1118 409 specula
1143 354 1311 396 solabar
1330 354 1467 396 clades

121 415 313 470 ultimas,
351 415 464 469 quod
495 429 570 456 uer
601 415 644 456 in
676 415 769 469 ipso
801 417 897 456 ortu
931 414 1014 454 iam
1047 413 1272 468 gemmulis
1304 413 1466 455 floridis

121 477 273 516 cuncta
305 474 552 529 depingeret
584 477 625 515 et
657 474 740 515 iam
772 487 984 528 purpureo
1016 472 1154 514 nitore
1187 475 1311 527 prata
1341 472 1467 513 uesti-

120 536 185 574 ret
226 536 268 575 et
308 533 576 574 commodum
619 533 810 587 dirrupto
850 532 995 586 spineo
1034 531 1220 587 tegmine
1259 531 1468 585 spirantes

120 593 362 634 cinnameos
400 592 549 633 odores
587 592 871 646 promicarent
908 605 1046 645 rosae,
1087 605 1193 645 quae
1230 605 1298 631 me
1335 590 1469 644 priori

121 666 215 693 meo
246 651 378 692 Lucio
411 651 643 692 redderent.

210 710 313 752 Dies
346 724 439 752 ecce
470 711 635 752 muneri
667 710 902 751 destinatus
935 709 1095 750 aderat:
1135 708 1188 749 ad
1219 710 1467 761 conseptum

123 784 274 811 caueae
312 772 593 823 prosequente
630 769 787 823 populo
820 768 1061 822 pompatico
1095 767 1242 808 fauore
1274 766 1466 808 deducor.

121 844 168 870 ac
202 829 302 869 dum
338 828 514 869 ludicris
547 829 833 869 scaenicorum
869 827 1034 868 choreis
1065 826 1278 880 primitiae
1310 827 1468 880 specta-

123 888 208 929 culi
241 887 505 941 dedicantur,
543 888 750 941 tantisper
782 889 878 928 ante
909 889 1077 940 portam
1110 885 1368 926 constitutus
1399 898 1468 938 pa-

120 947 270 988 bulum
310 946 533 987 laetissimi
575 946 796 1001 graminis,
837 945 950 999 quod
988 945 1032 985 in
1072 944 1165 998 ipso
1204 943 1470 998 germinabat

122 1006 252 1060 aditu,
288 1005 426 1046 iibens
459 1005 742 1059 adfectabam,
779 1004 957 1045 subinde
996 1003 1185 1045 curiosos
1223 1002 1367 1043 oculos
1399 1017 1468 1056 pa-

119 1068 235 1106 tente
306 1067 431 1118 porta
489 1063 719 1118 spectaculi
780 1065 1007 1117 prospectu
1067 1061 1309 1116 gratissimo
1375 1061 1469 1102 refi-

121 1138 249 1165 ciens.

208 1181 322 1225 Nam
365 1181 497 1236 puelli
537 1181 785 1235 puellaeque
829 1180 986 1221 uirenti
1029 1180 1228 1221 florentes
1274 1178 1470 1232 aetatula,

120 1242 259 1283 forma
289 1241 518 1295 conspicui,
557 1243 674 1282 ueste
706 1240 843 1293 nitidi,
874 1240 1041 1280 incessu
1073 1237 1262 1293 gestuosi
1297 1236 1470 1279 Graeca-

121 1302 262 1342 nicam
293 1300 489 1341 saltaturi
520 1299 762 1354 pyrrhicam
793 1298 1011 1353 dispositis
1038 1296 1376 1339 ordinationibus
1403 1296 1469 1338 de-

122 1375 243 1402 coros
276 1360 461 1401 ambitus
494 1359 748 1412 inerrabant,
783 1373 895 1399 nunc
927 1357 971 1398 in
1003 1357 1149 1398 orbem
1180 1358 1369 1397 rotatum
1399 1355 1469 1396 fle-

122 1419 259 1473 xuosi,
290 1433 401 1460 nunc
427 1419 471 1459 in
498 1418 713 1472 obliquam
741 1417 892 1459 seriem
919 1416 1067 1457 conexi
1092 1418 1135 1456 et
1153 1415 1197 1456 in
1218 1414 1471 1469 quadratum

123 1481 316 1532 patorem
348 1478 514 1519 cuneati
547 1480 589 1518 et
620 1477 663 1518 in
695 1479 888 1518 cateruae
921 1475 1145 1516 discidium
1177 1473 1370 1528 separati.
1428 1475 1471 1514 at

123 1537 197 1578 ubi
230 1537 444 1578 discursus
476 1536 681 1590 reciproci
713 1535 987 1576 multimodas
1015 1533 1213 1586 ambages
1239 1532 1366 1573 tubae
1391 1534 1471 1573 ter-

123 1596 294 1636 minalis
321 1598 468 1636 cantus
495 1595 710 1649 explicuit,
742 1594 888 1635 aulaeo
915 1593 1122 1634 subducto
1149 1594 1192 1633 et
1216 1590 1470 1645 complicitis

123 1655 278 1709 siparis
310 1669 459 1696 scaena
492 1655 742 1708 disponitur.

214 1713 346 1755 XXX.
386 1713 494 1754 Erat
524 1728 646 1755 mons
678 1713 846 1768 ligneus
884 1711 937 1752 ad
968 1711 1103 1751 instar
1140 1709 1278 1751 incliti
1314 1708 1471 1750 montis

125 1773 242 1814 illius
274 1788 399 1827 quem
432 1774 551 1814 uates
577 1772 789 1813 Homerus
818 1770 992 1811 Idaeum
1017 1769 1181 1822 cecinit,
1212 1768 1387 1809 sublimi
1411 1767 1471 1808 in-

127 1834 314 1874 structus
346 1832 524 1886 fabrica,
563 1831 619 1886 [p.
641 1832 737 1872 201.
759 1828 826 1886 E]
861 1829 1050 1870 consitus
1081 1827 1254 1869 uirectis
1287 1829 1328 1868 et
1358 1826 1471 1867 uiuis

128 1972 252 2015 fuerit,
277 1972 351 2006 <iam
378 1972 534 2006 discerni
557 1982 632 2006 ozon
652 1974 788 2015 potest;
819 1981 843 2002 u
868 1969 1038 2003 uocabula*
1062 1969 1164 2002 metu
1190 1967 1340 2002 deletum
1365 1969 1415 2000 est
1439 1970 1473 2001 et

128 2021 171 2054 ‘m
193 2029 265 2054 ras.
288 2023 370 2063 post
401 2018 512 2053 uolen
542 2019 710 2054 additum
742 2029 757 2051 s
784 2027 913 2059 mann,
939 2020 981 2050 ut
1006 2020 1182 2050 oreretur:
1212 2012 1383 2047 mihimet
1407 2023 1472 2047 uo-

128 2065 209 2100 lens
240 2077 370 2108 manu3
402 2065 495 2099 mihi
527 2067 629 2100 metu
660 2064 789 2099 uolens
822 2077 849 2107 φ
899 2062 994 2096 mihi
1023 2073 1106 2097 mea
1141 2060 1269 2095 uolens
1304 2071 1417 2094 manu
1449 2060 1472 2094 δ

224 2117 244 2147 3
277 2113 439 2147 rutunda
465 2113 493 2146 F
591 2116 610 2146 5
637 2123 702 2146 uer
726 2123 794 2157 my.
823 2124 850 2155 φ
894 2112 937 2144 ut
961 2109 989 2143 F
1032 2111 1049 2143 t
1074 2122 1101 2153 φ
1145 2107 1206 2142 uel
1231 2108 1254 2141 ὃ
1351 2110 1370 2141 7
1398 2106 1472 2140 dir-

128 2185 238 2228 rupto
265 2183 292 2217 F
391 2187 444 2218 19.
465 2187 508 2217 20
533 2182 731 2230 greeaniea
764 2169 884 2217 salta}
909 2165 1071 2225 ipyrriczi.
1094 2179 1158 2224 Faep
1192 2179 1279 2223 (nisi
1313 2177 1413 2221 quod
1444 2190 1472 2222 φ

130 2267 247 2302 habet
271 2251 446 2311 ypirrici'i)
540 2269 583 2299 25
611 2239 718 2299 algeo
745 2264 772 2298 F
810 2264 918 2298 albeo
945 2277 973 2308 φ
1069 2265 1113 2296 28
1141 2259 1292 2296 sublimi
1318 2273 1346 2305 φ
1385 2259 1470 2294 sub-

131 2313 230 2348 limis
257 2314 284 2347 F
311 2315 356 2357 cf.
378 2317 434 2348 79.
456 2316 516 2357 -283
553 2316 607 2347 99.
629 2315 690 2356 21;
719 2315 796 2346 100.
819 2315 861 2346 31
