1591 2556
134 100 216 141 156
685 101 813 135 LIBRI
838 100 906 135 VII

132 196 425 238 acerbissimos
476 197 686 251 incursus,
736 197 1050 238 uehementiore
1100 196 1196 237 nisu
1252 195 1468 250 spinarum

131 255 328 296 feriebar:
361 255 397 297 si
423 255 558 296 dolori
583 270 758 309 parcens
789 256 1009 310 paululum
1036 255 1299 305 restitissem,
1331 254 1469 309 plagis

131 314 414 368 compellebar
441 314 491 355 ad
518 329 698 355 cursum.
740 329 816 356 nec
843 315 1069 369 quicquam
1100 313 1325 355 uidebatur
1356 313 1470 354 aliud

130 373 369 428 excogitare
400 387 504 427 puer
544 373 616 414 ille
647 373 932 427 nequissimus
965 387 1091 427 quam
1123 375 1171 413 ut
1200 387 1267 413 me
1299 386 1469 426 quoquo

129 432 253 473 modo
285 432 498 486 perditum
531 432 622 485 iret,
653 431 779 486 idque
811 433 954 473 iurans
981 432 1108 473 etiarn
1134 446 1219 472 non
1249 445 1466 485 nunquam

129 491 475 532 comminabatur.
533 493 575 531 et
612 490 734 544 plane
778 491 860 532 fuit
898 490 1011 545 quod
1049 491 1138 531 eius
1177 489 1466 531 detestabilem

129 549 336 590 malitiam
370 549 420 589 ad
451 549 615 603 peiores
647 552 823 591 conatus
856 549 1105 591 stimularet.
1159 564 1256 590 nam
1289 548 1470 602 quadam

130 608 214 662 die,
258 608 389 648 nimia
433 608 522 649 eius
565 607 791 649 insolentia
835 611 1076 663 expugnata
1118 607 1324 662 patientia
1366 622 1471 661 mea,

129 666 263 708 calces
296 667 340 707 in
372 681 467 708 eum
499 666 662 707 ualidas
694 667 939 708 extuleram,
980 667 1159 721 denique
1191 666 1275 708 tale
1306 666 1471 707 facinus

130 726 172 766 in
192 740 258 766 me
280 726 624 767 comminiscitur.
658 729 836 780 stuppae
863 726 1027 768 sarcina
1051 741 1119 767 me
1145 726 1249 767 satis
1271 727 1471 766 onustum
1491 742 1527 768 ιο
1564 730 1566 735 ’

129 785 343 838 probeque
375 784 575 826 funiculis
602 785 879 826 constrictum
905 785 1103 839 producit
1128 785 1172 826 in
1197 784 1312 825 uiam
1338 784 1472 838 deque

129 843 324 897 proxima
355 843 505 884 uillula
537 844 767 898 spirantem
795 844 1099 886 carbunculum
1123 843 1302 897 furatus,
1334 843 1473 884 oneris

131 903 174 943 in
215 902 307 956 ipso
340 902 578 943 meditullio
610 903 788 957 reponit.
839 903 1007 957 iamque
1039 903 1228 944 fomento
1261 902 1379 943 tenui
1411 916 1473 943 ca-

128 961 291 1002 lescens
324 964 366 1002 et
404 962 614 1002 enutritus
653 962 765 1016 ignis
798 962 999 1017 surgebat
1039 962 1083 1002 in
1114 962 1306 1014 flammas
1339 964 1382 1002 et
1412 963 1473 1002 to-

129 1023 220 1061 tum
258 1034 324 1060 me
367 1019 562 1061 funestus
607 1021 731 1061 ardor
773 1021 1004 1074 inuaserat,
1042 1035 1118 1062 nec
1161 1020 1297 1061 ullum
1340 1020 1473 1074 pestis
1493 1035 1526 1062 15

129 1082 341 1120 extremae
379 1079 610 1133 suffugium
649 1094 725 1120 nec
763 1079 912 1120 salutis
951 1079 1123 1133 aliquod
1154 1082 1328 1133 apparet
1352 1079 1470 1120 sola·
1536 1085 1538 1090 '

130 1138 241 1178 cium
262 1140 304 1178 et
323 1137 488 1178 ustrina
513 1137 610 1178 talis
631 1153 771 1179 moras
793 1152 879 1179 non
899 1138 1112 1179 sustinens
1134 1138 1213 1192 [et]
1240 1138 1472 1179 maturiora

128 1196 305 1238 consilia
329 1197 622 1250 praeuertitur.
667 1196 758 1238 XX.
788 1197 861 1238 sed
887 1197 931 1238 in
957 1197 1082 1238 rebus
1109 1197 1271 1238 scaeuis
1298 1196 1473 1238 adfulsit

126 1255 339 1296 Fortunae
382 1258 511 1296 nutus
554 1255 747 1310 hilarior,
791 1256 931 1298 nescio
982 1271 1034 1297 an
1078 1256 1235 1297 futuris
1272 1255 1472 1310 periculis

128 1329 194 1354 me
214 1328 446 1368 reseruanS,
472 1317 583 1356 certe
608 1317 829 1369 praesente
850 1317 1094 1370 statutaque
1119 1317 1256 1356 morte
1274 1315 1470 1356 liberans.
1491 1331 1525 1356 20
1578 1310 1579 1317 ¹

129 1388 227 1414 nam
271 1373 380 1414 forte
423 1373 594 1427 pluuiae
636 1374 853 1428 pridianae
892 1374 949 1428 [p.
974 1374 1067 1415 129.
1087 1373 1156 1428 E]
1189 1388 1333 1415 recens
1378 1388 1472 1415 con-

130 1432 407 1486 ceptaculum,
433 1447 565 1486 aquae
591 1432 825 1474 lutulentae
846 1433 1084 1487 (plenum),
1109 1433 1351 1487 proximum
1378 1447 1473 1474 con-

130 1492 328 1545 spicatus,
360 1491 420 1531 ibi
446 1494 602 1532 memet
632 1491 856 1545 inprouido
887 1491 998 1533 saltu
1025 1494 1164 1532 totum
1191 1491 1326 1533 abicio
1358 1492 1473 1532 flam—

129 1564 281 1603 maque
313 1564 486 1603 prorsus
514 1550 712 1604 extincta,
744 1551 913 1592 tandem
941 1554 982 1592 et
1018 1550 1201 1605 pondere
1233 1550 1400 1592 leuatus
1432 1553 1474 1592 et

130 1609 260 1649 exitio
301 1608 505 1650 liberatus
548 1609 691 1650 euado.
749 1609 821 1651 sed
859 1609 930 1650 ille
969 1609 1219 1650 deterrimus
1261 1624 1307 1651 ac
1347 1612 1474 1651 teme-
1493 1604 1546 1651 25'
1590 1611 1591 1618 ’

130 1668 266 1708 rarius
297 1681 402 1721 puer
432 1667 511 1709 hoc
545 1682 711 1722 quoque
744 1683 868 1709 suum
900 1669 1208 1722 nequissimum
1239 1668 1398 1710 factum
1430 1669 1473 1709 in

131 1741 198 1768 me
224 1726 397 1767 retorsit
423 1727 714 1781 gregariisque
735 1727 931 1768 omnibus
952 1727 1205 1781 adfirmauit,
1230 1742 1297 1768 me
1323 1730 1473 1782 sponte

129 1785 367 1826 uicinorum
410 1785 574 1827 foculos
619 1789 924 1841 transeuntem,
962 1786 1166 1827 titubanti
1204 1786 1336 1841 gradu
1380 1801 1473 1840 pro-

130 1844 316 1898 lapsum,
348 1844 490 1899 ignem
522 1845 764 1886 ultroneum
791 1845 1017 1887 accersisse
1049 1845 1165 1886 mihi.
1210 1847 1252 1886 et
1284 1845 1472 1886 arridens

131 1903 293 1943 addidit
337 1902 436 1957 equo
480 1918 614 1958 usque
659 1918 759 1959 ergo
802 1904 962 1945 frustra
1010 1918 1230 1958 pascemus
1280 1904 1473 1959 igninum
1492 1919 1526 1945 30

130 1962 261 2002 istum
272 1961 309 2002 ‘?'
1571 1965 1573 1971 '

218 2019 309 2061 Nec
346 2020 493 2062 multis
532 2021 764 2063 interiectis
803 2022 950 2063 diebus
989 2021 1114 2077 longe
1152 2021 1368 2075 peioribus
1405 2036 1472 2064 me

228 2139 269 2170 11
296 2135 484 2180 probeque
512 2137 677 2173 Steweeh.
704 2148 820 2185 ggpeq3
846 2137 911 2182 Ρφ
937 2148 1003 2172 om.
1030 2138 1085 2182 dg
1181 2140 1222 2171 12
1248 2136 1400 2181 fugatus
1427 2136 1473 2180 φι

134 2187 174 2217 17
203 2183 272 2228 [et]
298 2184 363 2218 del.
389 2183 429 2218 E.
521 2184 726 2219 maturiora
755 2185 844 2220 ΟΜΖ.
878 2183 1034 2218 meliora
1058 2184 1137 2219 cdd.
1166 2184 1214 2218 ad
1239 2183 1395 2218 meliora
1419 2185 1474 2228 dg

133 2233 176 2264 22
204 2229 410 2277 (plenum)
436 2232 575 2266 inserui
671 2235 714 2265 26
741 2243 848 2265 suum
873 2242 938 2266 om.
966 2231 1012 2275 φ1
1100 2234 1143 2265 29
1170 2230 1368 2265 accersisse
1395 2231 1472 2265 Pet.

132 2278 177 2319 cf.
207 2281 284 2311 116.
301 2281 362 2321 18;
391 2281 466 2312 188.
484 2282 504 2312 5
599 2278 703 2314 mihi.
730 2280 768 2313 et
793 2279 869 2314 Pet.
915 2277 1113 2312 accessisse
1139 2279 1216 2313 cdd.
1262 2277 1471 2313 accessisse.
1563 2303 1572 2310 .

133 2323 224 2357 mihi
240 2326 277 2359 et
296 2324 336 2359 E.
411 2328 456 2359 30
481 2325 691 2370 inigninum
706 2325 788 2370 F<p¹
801 2327 847 2370 cf.
863 2329 917 2361 54.
934 2329 994 2368 243
1010 2329 1087 2359 112.
1104 2328 1145 2359 17
1220 2328 1263 2359 32
1289 2324 1410 2370 pei0b3
1426 2324 1473 2359 F¹
1531 2340 1536 2344 ·
