1591 2556
525 71 626 106 CAP.
653 69 926 105 XVI—XVIIII
1329 73 1351 113 1
1359 73 1381 113 7
1387 72 1410 112 7

70 183 165 210 011111
205 167 384 209 clamore
423 167 590 208 sublato
627 166 829 207 maritum
867 181 991 207 suum
1031 170 1245 220 pastorem
1286 168 1408 210 illum

69 227 358 282 suppetiatum
384 227 475 267 ciet.
520 224 678 267 XVIII.
712 228 754 266 at
786 225 856 266 ille
884 225 1008 266 deum
1032 226 1160 266 fidem
1186 226 1408 269 clamitans

70 290 112 327 et
144 301 334 327 cruorem
365 285 510 326 uxoris
543 284 789 339 abstergens
822 284 950 325 altius
983 285 1215 339 quiritabat

157 344 284 394 ‘Quid
318 344 495 385 miseros
526 343 719 385 homines
753 347 794 384 et
829 343 1066 385 laboriosos
1104 344 1290 386 uiatores
1323 348 1409 386 tam

35 423 50 448 5
70 403 308 445 crudelibus
342 403 492 444 animis
519 402 720 444 inuaditis
747 406 873 456 atque
901 403 1124 444 obteritis‘?
1164 418 1268 457 quas
1294 419 1408 458 prae-

71 463 143 503 das
168 462 375 504 inhiatis?
409 477 515 516 quae
542 463 693 503 damna
718 461 974 502 uindicatis?
1008 464 1049 502 at
1076 477 1161 503 non
1187 463 1409 516 speluncas

68 522 251 562 ferarum
289 522 359 562 uel
396 524 538 563 cautes
576 520 761 562 incolitis
799 521 1094 574 barbarorum,
1136 524 1183 562 ut
1224 521 1410 564 humano

68 581 273 635 sanguine
304 581 479 635 profuso
507 580 753 636 gaudeatis?
807 580 881 620 uix
911 579 1014 621 haec
1047 581 1159 621 dicta
1191 583 1233 622 et
1265 582 1410 622 statim

67 639 255 694 lapidum
288 643 514 695 congestus
541 639 723 681 cessauit
748 639 883 680 imber
909 642 950 680 et
980 639 1231 680 infestorum
1260 655 1409 682 canum

15 717 48 742 10
67 702 263 740 reuocata
302 699 546 753 conquieuit
582 698 778 753 procella.
834 713 943 739 unus
983 698 1099 740 illinc
1139 699 1319 753 denique
1361 700 1410 741 de

0 761 2 768 '
68 773 233 799 summo
267 773 490 812 cupressus
517 758 732 799 cacumine
759 757 811 798 ad
842 772 919 798 nos
946 757 1086 811 inquit
1119 758 1218 798 ‘non
1251 762 1410 800 uestro-

69 817 126 871 [p.
150 817 244 858 146.
262 816 332 871 E]
364 832 458 858 rum
491 817 724 871 spoliorum
757 817 953 870 cupidine
984 816 1306 871 latrocinamur,
1338 819 1410 860 sed

66 876 174 917 hanc
218 876 353 930 ipsam
400 875 561 917 cladem
607 876 655 917 de
700 876 855 917 uestris
898 875 1158 930 protelamus
1202 877 1409 918 manibus.

67 935 150 976 iam
184 935 363 989 denique
400 950 502 989 pace
539 934 770 989 tranquilla
803 936 939 976 securi
978 935 1158 989 potestis
1191 935 1410 977 incedere?

14 1011 47 1038 15
158 993 227 1035 Sic
270 994 373 1049 isse„
397 995 471 1036 sed
513 1009 590 1035 nos
634 994 899 1048 plurifariam
943 994 1156 1035 uulnerati
1201 995 1409 1049 reliquam

66 1053 181 1094 uiam
222 1054 480 1107 capessimus
520 1053 627 1094 alius
664 1053 836 1107 lapidis,
875 1053 982 1094 alius
1026 1068 1193 1094 morsus
1234 1054 1408 1096 uulnera

65 1112 313 1166 referentes,
350 1113 539 1153 uniuersi
577 1115 719 1153 tamen
767 1112 909 1153 saucii.
967 1112 1184 1166 aliquanto
1230 1113 1409 1168 denique

66 1171 160 1212 uiae
191 1186 413 1225 permenso
453 1172 590 1225 spatio
622 1171 894 1225 peruenimus
927 1171 979 1211 ad
1009 1186 1158 1212 nemus
1199 1173 1409 1226 quoddam

66 1230 253 1284 proceris
310 1230 532 1272 arboribus
582 1231 792 1271 consitum
843 1232 884 1271 et
933 1231 1202 1284 pratentibus
1258 1232 1406 1273 uiretis

14 1307 48 1332 20
67 1303 308 1344 amoenum,
339 1290 412 1330 ubi
444 1289 604 1343 placuit
645 1289 731 1330 illis
764 1289 1009 1330 ductoribus
1042 1290 1200 1330 nostris
1232 1290 1409 1332 refectui

67 1347 289 1402 paululum
321 1349 616 1402 conquiescere
650 1363 908 1402 corporaque
942 1364 1016 1389 sua
1050 1349 1214 1390 diuerso
1252 1349 1409 1390 laniata

68 1406 214 1448 sedulo
252 1411 455 1448 recurare.
512 1421 612 1462 ergo
651 1408 809 1461 passim
851 1408 1054 1461 prostrati
1092 1407 1183 1449 solo
1224 1409 1410 1462 primum

67 1466 270 1521 fatigatos
302 1467 464 1508 animos
497 1481 743 1520 recuperare
776 1481 823 1507 ac
856 1466 1008 1508 dehinc
1040 1466 1288 1508 uulneribus
1327 1483 1408 1510 1110-

70 1525 184 1566 delas
221 1526 362 1566 uarias
401 1525 599 1567 adhibere
630 1526 844 1567 festinant.
900 1525 970 1567 hic
1002 1541 1193 1567 cruorem
1227 1530 1409 1580 praeter-

14 1602 48 1628 25
67 1584 239 1625 fluentis
277 1599 409 1639 aquae
446 1600 540 1626 rore
582 1585 767 1639 deluere,
800 1585 870 1626 ille
902 1586 1102 1640 spongeis
1140 1586 1408 1627 inacididatis

67 1645 255 1684 tumores
306 1645 599 1698 comprimere,
644 1644 750 1685 alius
794 1644 980 1685 fasciolis
1030 1644 1197 1686 hiantes
1247 1646 1408 1687 uincire

67 1701 225 1757 plagas.
283 1702 334 1743 ad
353 1756 356 1759 Ι
377 1704 507 1744 istum
550 1703 723 1744 modum
768 1703 896 1744 saluti
940 1718 1039 1744 suae
1084 1703 1262 1758 quisque
1314 1719 1407 1746 con-

69 1761 245 1802 sulebat.

155 1819 335 1862 XVIIII.
368 1819 535 1862 Interea
561 1821 732 1875 quidam
759 1835 886 1862 senex
913 1821 962 1862 de
990 1836 1155 1863 summo
1183 1821 1289 1863 colle
1314 1837 1407 1877 pro-

14 1897 48 1922 30
69 1882 242 1933 spectat,
270 1895 393 1934 quem
420 1880 579 1921 circum
605 1880 788 1934 capellae
814 1883 1033 1934 pascentes
1061 1880 1291 1934 opilionem
1317 1896 1407 1923 esse

67 1938 256 1991 profecto
296 1938 545 1980 clamabant.
602 1954 698 1980 eum
736 1940 906 1994 rogauit
943 1954 1052 1980 1111113
1084 1954 1105 1980 0
1136 1940 1294 1981 nostris
1336 1940 1408 1981 ha-

67 1996 238 2038 beretne
275 1998 404 2039 uenui
442 1998 595 2039 lactem
635 1998 704 2039 uel
741 1998 877 2040 adhuc
914 1999 1124 2053 liquidum
1162 1999 1231 2040 uel
1269 2000 1312 2040 in
1346 2015 1407 2040 ca-

163 2164 182 2193 2
220 2160 330 2195 fidem
367 2161 564 2195 clamitans
602 2163 646 2205 cf.
677 2165 789 2196 167.5
901 2166 921 2196 3
961 2162 1123 2206 affigens
1160 2162 1187 2195 F
1294 2166 1313 2196 6
1352 2161 1406 2195 111-

67 2205 182 2240 hiatis
206 2207 247 2242 E.
282 2207 436 2242 munitis
462 2208 557 2253 Fqui
638 2213 680 2243 19
705 2209 922 2253 patentibus
949 2212 970 2243 δ
992 2211 1076 2245 Par.
1163 2213 1205 2242 25
1234 2208 1406 2253 spongeis

68 2252 163 2296 Ὲφὸ
200 2254 363 2299 spongiis
389 2255 429 2289 E.
527 2255 727 2290 inacidatis
753 2256 817 2296 Frp
848 2258 902 2300 (in
927 2257 954 2290 F
990 2256 1089 2291 111301
1113 2268 1178 2290 3ον.
1208 2268 1249 2289 m.
1271 2258 1314 2299 r.)
1352 2255 1406 2289 in-

68 2299 247 2335 accidatis
273 2303 294 2336 δ
325 2302 529 2337 madidatis
554 2304 664 2348 'uulgo
762 2307 804 2337 32
831 2303 967 2338 lactem
992 2304 1038 2337 ΕΙ
1069 2303 1166 2337 lacte
1193 2302 1240 2335 ΡΞ
1270 2302 1352 2337 lac*
1378 2316 1404 2346 φ

137 2366 261 2391 APvmzr
281 2374 399 2393 marius.
420 2368 464 2393 ed.
486 2369 589 2393 Vliet
1080 2366 1121 2396 12
