1539 2556
95 100 146 135 VI
624 100 906 136 PRAEFATIO.

183 200 378 249 Apuleius
408 200 506 237 mihi
532 200 692 250 quidem
724 212 879 249 semper
903 201 1015 239 uisus
1041 202 1102 239 est
1125 201 1328 251 requirere
1355 202 1434 239 edi-

93 261 222 297 torem
265 261 305 296 et
348 261 510 297 cautum
553 261 594 297 et
637 259 848 310 audacem,
893 260 980 310 qui,
1024 260 1238 310 diligenter
1279 260 1435 298 ratione

95 317 233 355 habita
275 318 431 368 generis
475 318 669 356 scribendi
711 318 924 367 Apuleiani
966 331 1037 356 nec
1081 332 1159 357 non
1208 319 1437 357 litterarum

95 377 241 414 ductus
274 378 314 414 et
345 377 564 415 sententiae
595 379 775 415 tenorem
800 377 938 415 sedulo
971 379 1142 428 secutus,
1174 390 1435 428 quaecunque

94 436 238 473 merito
259 435 447 484 corrupta
466 436 710 485 uiderentur,
730 435 991 485 probabiliter
1009 436 1260 475 instauraret.
1298 438 1434 475 Talem

96 497 295 544 quatenus
328 494 519 532 editorem
549 495 836 544 praestiterim,
868 495 1059 533 candidus
1091 495 1266 534 iudicato
1298 497 1434 535 lector.

93 553 259 602 Saepius
296 553 395 590 mihi
430 554 518 591 loca
555 554 745 592 lacunosa
784 554 1076 603 deprehendere
1118 555 1229 592 uisus
1270 567 1357 593 sum
1395 557 1436 593 et

93 625 139 650 ea
176 612 226 650 ad
262 612 538 662 integritatem
580 625 771 651 reuocare
809 625 897 650 sum
935 615 1118 651 conatus:
1156 626 1327 663 namque
1369 614 1434 651 fir-

90 671 209 709 miter
238 683 475 720 persuasum
506 672 632 710 habeo
665 673 704 709 in
735 672 917 710 omnibus
948 672 1030 710 fere
1062 674 1245 709 ueterum
1277 672 1434 722 scriptis

92 743 170 768 non
208 730 339 767 minus
377 731 507 768 multa
545 743 629 769 esse
668 731 828 781 omissa,
868 743 989 780 quam
1026 733 1224 780 corrupta.
1287 731 1434 770 Sedulo

93 791 229 826 autem
270 790 413 839 collegi
446 802 547 839 quae
578 790 657 827 uiri
688 790 812 838 docti⁷
848 790 967 828 huius
1004 790 1238 839 praesertim
1274 791 1436 841 saeculi,

95 848 142 885 de
173 848 306 886 uerbis
339 851 380 886 et
410 849 595 898 operibus
626 849 861 898 Apuleianis
902 850 1186 899 disseruerant,
1220 851 1260 886 et
1291 849 1325 887 si
1356 861 1435 899 qua

95 919 180 945 esse
211 907 445 945 uiderentur
473 908 706 958 probabilia,
738 909 778 945 in
809 921 940 946 meum
972 909 1152 946 conuerti
1182 920 1310 946 usum.

182 965 295 1011 Quod
328 967 378 1004 ad
410 968 622 1005 uerborum
655 968 895 1017 scripturam
933 968 1090 1015 attinet,
1124 963 1319 1016 quantum
1351 968 1436 1005 eius

96 1025 182 1062 fieri
214 1026 360 1075 potuit,
393 1026 627 1065 uetustioris
660 1026 804 1064 codicis
836 1026 1055 1063 Florentini
1089 1026 1284 1064 scribendi
1314 1027 1436 1064 ratio-

92 1097 184 1122 nem
216 1097 303 1122 sum
336 1087 513 1135 secutus,
546 1098 691 1135 neque,
723 1085 793 1122 ubi
825 1085 947 1122 codex
978 1085 1054 1122 sibi
1093 1098 1237 1134 parum
1269 1087 1437 1136 constat,

93 1143 226 1181 omnia
258 1144 307 1182 ad
338 1156 458 1181 unam
491 1157 672 1182 normam
703 1144 903 1183 reuocaui.
950 1144 1028 1181 Ubi
1058 1157 1154 1182 uero
1187 1144 1270 1182 sine
1303 1145 1436 1194 graui-

91 1202 166 1240 bus
192 1203 538 1241 immutationibus
565 1203 832 1253 aequabilitas
859 1203 1080 1252 scripturae
1106 1203 1266 1241 restitui
1289 1203 1436 1253 potuit,

93 1262 413 1300 uniformitatem
445 1262 558 1312 sequi
589 1275 667 1300 non
699 1262 866 1313 neglexi,
897 1262 938 1299 in
965 1274 1011 1299 ea
1035 1274 1077 1299 re
1108 1263 1191 1299 fere
1224 1261 1437 1300 obsecutus

89 1321 332 1371 praeceptis,
374 1334 475 1370 quae
520 1323 748 1360 statuerant
790 1321 838 1358 H.
865 1321 1083 1359 Muellerus
1126 1321 1167 1358 in
1209 1324 1436 1359 recensione

89 1380 275 1418 editionis
295 1380 687 1429 Eyssenhardtianae
715 1375 923 1432 (Zeitschr.
945 1380 970 1417 f.
992 1380 1026 1417 d.
1050 1378 1303 1429 Gymn.Wes.
1322 1382 1432 1418 1871

86 1452 124 1488 p.
152 1440 205 1477 43
229 1433 333 1491 sqq.)
378 1441 418 1477 et
459 1439 508 1478 Η.
540 1439 842 1489 Petschenigius
887 1433 1070 1491 (Wiener
1111 1438 1279 1476 Studien
1322 1439 1433 1477 1882

86 1511 124 1546 p.
148 1499 228 1536 136
251 1498 368 1547 sqq).
428 1498 488 1536 Ne
527 1499 671 1536 codicis
710 1498 870 1547 quidem
908 1498 949 1535 in
988 1497 1255 1535 assimilandis
1291 1498 1435 1536 uerbo-

85 1569 176 1594 rum
215 1557 526 1606 compositorum
561 1557 903 1607 praepositionum
942 1556 1252 1594 consonantibus
1296 1557 1432 1595 incon-

85 1615 277 1653 stantiam
308 1616 516 1654 emendare
542 1616 698 1663 studui,
730 1629 778 1653 ne
809 1616 950 1653 lectori
981 1628 1099 1653 suum
1130 1616 1324 1653 iudicium
1356 1616 1431 1654 eri-

84 1676 249 1724 peretur
284 1687 386 1712 neue
425 1688 505 1712 una
542 1688 633 1714 cum
669 1676 817 1713 zizania
855 1675 1085 1713 recentioris
1123 1675 1344 1724 scripturae
1387 1677 1428 1713 et

84 1734 209 1772 bonas
239 1734 375 1783 fruges
405 1734 553 1772 ueteris
584 1734 766 1773 lectionis
797 1734 999 1772 reicerem.

176 1792 280 1838 Quin
311 1807 342 1842 φ
374 1806 420 1831 ex
450 1794 481 1830 F
514 1796 618 1832 esset
649 1793 887 1842 descriptus,
920 1805 1034 1830 nemo
1066 1792 1196 1830 adhuc
1227 1793 1324 1840 fuit,
1356 1792 1427 1842 qui

87 1851 307 1890 dubitaret:
339 1865 468 1902 neque
500 1853 548 1890 de
580 1865 627 1890 ea
658 1865 700 1890 re
732 1851 908 1890 dubitari
938 1852 1050 1901 licet,
1089 1863 1320 1901 quanquam
1357 1851 1430 1888 ali-

87 1913 186 1960 quot
204 1911 301 1949 locis
320 1911 361 1948 in
386 1912 530 1949 ultima
542 1907 575 1964 ¹)
599 1911 835 1961 praesertim
859 1913 974 1960 parte
996 1911 1125 1960 operis
1151 1911 1255 1948 inter
1280 1910 1428 1948 utrius-

183 2048 217 2091 1)
242 2046 294 2082 Cf.
316 2050 394 2081 243.
411 2050 454 2080 29
480 2048 678 2081 medicinae
693 2048 891 2091 probemus
909 2046 937 2080 F
962 2046 1161 2081 medicinae
1179 2049 1328 2080 euentus
1342 2056 1430 2090 pro-

90 2095 218 2129 bentur
232 2107 277 2138 φ;
305 2097 382 2128 261.
398 2097 441 2128 21
464 2095 619 2138 cupidus
634 2094 805 2138 promissi
823 2093 851 2127 F
877 2094 1108 2138 cupidissime
1122 2107 1166 2137 φς
1194 2096 1273 2127 262.
1289 2096 1331 2126 21
1348 2104 1430 2137 per-

86 2142 244 2176 humano
259 2141 286 2175 F
304 2141 383 2186 (sed
401 2153 425 2186 p
446 2140 485 2174 in
504 2142 590 2185 ras.)
607 2142 805 2175 inhumano
820 2154 864 2184 ‹p3
893 2144 971 2174 262.
989 2144 1032 2174 27
1051 2141 1205 2175 uirentis
1218 2139 1246 2173 F
1270 2140 1431 2184 florentis

88 2189 135 2231 φ1
152 2189 306 2224 uirentis
320 2188 382 2232 <1223
405 2191 538 2222 266.12
559 2188 695 2233 quicsF
716 2189 790 2223 dics
804 2187 851 2231 φ1
869 2188 969 2232 quies
983 2186 1046 2230 φῆ
1070 2190 1204 2221 275.10
1217 2188 1431 2222 committere

87 2236 115 2269 F
137 2237 343 2280 promittere
366 2235 413 2279 φ1
444 2237 654 2270 committere
685 2234 742 2279 φὶ.
793 2235 849 2268 Ex
873 2234 1059 2279 prioribus
1085 2233 1191 2268 libris
1215 2244 1282 2278 pro
1307 2244 1431 2268 exem-

87 2282 160 2327 plis
186 2283 278 2319 sint:
305 2287 337 2317 2.
353 2286 397 2316 20
423 2287 541 2317 exerto
561 2282 588 2316 F
614 2286 736 2317 exorto
755 2295 802 2326 φ;
828 2285 859 2315 5.
875 2286 918 2316 21
946 2282 1041 2327 quod
1058 2282 1188 2316 unctui
1206 2281 1301 2325 quod
1319 2281 1432 2316 tersui

88 2330 115 2363 F
151 2331 247 2376 quod
270 2330 388 2366 uictui
412 2330 507 2375 quod
537 2330 659 2365 tonsui
684 2342 729 2373 φ;
769 2333 799 2364 7.
815 2332 859 2363 26
884 2329 1028 2364 ronchis
1052 2328 1080 2362 F
1113 2330 1206 2364 ratis
1231 2341 1276 2372 q>3
1315 2330 1430 2362 27.25
