1591 2556
134 106 220 147 242
717 104 845 138 LIBRI
870 104 902 138 x

133 201 352 257 profectus
384 201 436 242 ad
467 199 661 241 uillulam
692 203 864 242 uocaret
901 201 953 241 ad
990 215 1098 255 sese,
1136 201 1278 242 addito
1310 203 1359 242 ut
1389 201 1480 243 sola

135 265 178 303 et
209 261 299 302 sine
331 260 418 301 ullo
451 259 605 301 comite
643 274 769 313 quam
806 260 1092 301 maturissime
1122 260 1376 314 perueniret.
1437 263 1480 302 et

134 335 275 375 nequa
304 319 414 360 forte
445 320 689 360 nasceretur
725 319 923 360 ueniendi
955 319 1181 372 cunetatio,
1218 319 1348 359 tradit
1379 333 1479 360 anu-

132 379 223 420 lum
255 379 409 420 marito
442 378 725 432 subtractum,
763 379 836 432 qui
876 380 1138 418 monstratus
1168 378 1296 419 fidem
1333 378 1476 419 uerbis

135 437 476 492 adstipularetur.
525 439 568 477 at
587 436 661 477 illa
678 437 879 478 mandatu
899 436 1044 477 fratris
1065 437 1301 491 obsequens
1321 462 1379 466 —
1397 436 1478 478 hoe

135 497 247 539 enim
279 511 433 537 nomen
465 494 555 536 sola
585 495 745 537 sciebat
774 521 833 525 —
863 498 1054 550 respecto
1086 496 1213 537 etiam
1240 495 1362 550 signo
1389 496 1479 537 eius

137 557 250 611 quod
282 555 550 609 offerebatur,
584 555 761 609 nauiter,
799 558 847 595 ut
878 557 1149 609 praeceptum
1181 554 1332 609 fuerat,
1368 555 1479 596 ineo-

134 616 288 655 mitata
317 614 503 655 festinat.
567 614 640 654 sed
677 614 750 654 ubi
781 614 943 655 fraudis
978 617 1190 655 extremae
1221 613 1341 667 lapsa
1372 614 1480 655 deci-

134 674 237 728 pulo
263 673 437 727 laqueos
462 672 712 714 insidiarum
739 673 926 727 accessit,
952 676 1053 714 tune
1079 672 1152 713 illa
1176 687 1284 714 uxor
1309 672 1481 727 egregia

136 747 324 774 sororem
356 732 501 772 mariti
532 731 782 773 libidinosae
814 732 949 773 furiae
982 731 1168 772 stimulis
1201 732 1373 773 efferata
1397 731 1479 786 pri-

133 806 252 833 mum
285 792 455 845 quidem
485 790 686 832 nudatam
718 791 863 846 flagris
895 791 1044 832 ultime
1075 791 1284 845 uerberat,
1318 789 1480 844 dehine,

135 851 249 905 quod
290 865 357 891 res
399 852 489 891 erat
526 849 778 891 clamantem
816 850 1012 904 quodque
1050 850 1210 890 frustra
1245 849 1480 903 paelicatus

133 909 427 965 indignatione
458 908 644 963 bulliret,
680 909 908 963 fratrisque
941 923 1094 950 nomen
1129 909 1297 962 saepius
1328 909 1481 950 iteran-

133 972 239 1022 tem,
279 968 399 1009 uelut
438 968 662 1008 mentitam
701 970 827 1022 atque
865 970 1017 1009 cuncta
1056 968 1287 1022 fingentem
1328 967 1480 1009 titione

134 1028 329 1069 candenti
346 1027 459 1067 inter
474 1026 614 1067 media
628 1026 787 1067 femina
801 1026 971 1067 detruso
989 1027 1278 1068 crudelissime
1298 1027 1478 1068 neeauit.

221 1085 355 1127 XXV.
388 1085 507 1126 Tune
539 1085 711 1126 acerbae
743 1086 895 1126 mortis
927 1086 1055 1126 exciti
1086 1085 1247 1126 nuntiis
1278 1085 1410 1126 frater
1438 1087 1481 1126 et

136 1145 315 1187 maritus
357 1146 583 1185 accurrunt
623 1144 837 1198 uariisque
873 1144 1248 1185 lamentationibus
1286 1144 1480 1185 defletam

133 1204 321 1259 puellam
353 1203 528 1244 tradunt
565 1203 817 1257 sepulturae.
879 1218 956 1244 neo
987 1203 1154 1244 iuuenis
1186 1203 1344 1244 sororis
1381 1218 1481 1244 suae

135 1266 317 1307 mortem
349 1265 437 1303 tam
468 1262 667 1303 miseram
700 1265 742 1303 et
774 1277 798 1302 a
829 1277 912 1316 qua
945 1262 1119 1303 minime
1149 1277 1227 1316 par
1257 1264 1348 1303 erat
1378 1261 1481 1303 inla-

131 1326 220 1364 tam
248 1336 381 1376 aequo
407 1321 589 1363 tolerare
616 1321 755 1375 quiuit
780 1322 933 1375 animo,
963 1321 1036 1362 sed
1061 1321 1308 1362 medullitus
1335 1321 1479 1362 dolore

133 1384 372 1424 commotus
393 1380 695 1434 aterrimaeque
720 1380 820 1422 bilis
844 1380 972 1421 noxio
997 1380 1140 1421 furore
1166 1380 1362 1434 perfusus
1382 1380 1480 1422 exin

131 1439 477 1496 flagrantissimis
514 1439 704 1480 febribus
746 1439 936 1494 ardebat,
977 1442 1026 1480 ut
1066 1439 1149 1493 ipsi
1189 1453 1357 1494 quoque
1395 1439 1478 1480 iam

132 1499 296 1541 medela
327 1498 544 1540 uideretur
574 1499 819 1539 necessaria.
882 1498 955 1539 sed
986 1513 1105 1553 uxor,
1143 1512 1249 1552 quae
1281 1498 1365 1539 iam
1396 1498 1479 1552 pri-

134 1559 229 1599 dem
260 1573 414 1599 nomen
446 1557 592 1598 uxoris
624 1572 719 1598 eum
750 1557 832 1598 fide
864 1557 1116 1611 perdiderat,
1146 1557 1358 1598 medicum
1384 1571 1480 1598 eon-

131 1618 250 1659 uenit
282 1616 492 1671 quendam
524 1619 648 1657 notae
680 1616 892 1671 perfidiae,
924 1617 997 1670 qui
1023 1617 1106 1657 iam
1134 1616 1365 1657 multarum
1390 1615 1476 1670 pal-

132 1691 297 1717 marum
328 1676 600 1729 <multisque>
639 1678 854 1729 spectatus
891 1675 1065 1729 proeliis
1096 1689 1252 1730 magna
1282 1675 1478 1716 dexterae

131 1750 231 1777 suae
262 1738 438 1789 tropaea
474 1735 741 1788 numerabat,
779 1735 901 1789 eique
938 1735 1132 1789 protinus
1168 1734 1478 1789 quinquaginta

131 1794 347 1848 promittit
380 1794 586 1848 sestertia,
616 1797 666 1834 ut
696 1794 768 1834 ille
800 1793 971 1848 quidem
1002 1793 1329 1835 momentarium
1354 1807 1477 1834 uene-

129 1869 233 1894 num
266 1853 484 1907 uenderet,
523 1853 611 1906 ipsa
649 1855 790 1893 autem
823 1855 981 1894 emeret
1012 1855 1192 1893 mortem
1223 1852 1366 1892 mariti
1398 1852 1475 1892 sui.

225 2008 245 2037 6
278 2014 413 2038 nomen
445 2005 528 2039 add.
556 2004 620 2048 Fcp
652 2015 718 2039 om.
745 2005 854 2050 uulyo
885 2003 926 2038 E.
1050 2007 1089 2037 11
1129 2003 1310 2037 nudatam
1346 2004 1477 2047 scripsi

130 2051 270 2085 nudam
307 2052 386 2086 cdd.
418 2052 463 2094 cf.
492 2055 568 2085 153.
593 2056 652 2095 143
682 2055 759 2085 154.
783 2055 819 2095 1;
848 2054 925 2085 159.
948 2054 968 2084 5
1089 2054 1132 2084 12
1164 2050 1352 2096 quodque]
1385 2061 1476 2094 quo-

131 2109 202 2142 que
228 2098 325 2142 Ὲφὸ
395 2098 579 2142 pelicatus
605 2099 669 2143 sz
768 2102 810 2132 19
837 2109 860 2132 a
885 2109 960 2142 qua
986 2097 1164 2133 Floridus
1199 2108 1276 2144 que
1301 2097 1329 2131 F
1367 2101 1391 2142 ᾇ
1417 2099 1477 2142 φδ

133 2149 176 2179 21
205 2144 476 2188 aterrimaeque
502 2145 589 2179 bilis
620 2146 710 2181 Oud.
750 2144 1025 2189 acerrimaeque
1051 2144 1120 2179 bili
1145 2144 1258 2188 Fq>¹6
1283 2145 1358 2189 (sed
1381 2144 1422 2178 in
1446 2158 1475 2189 φ

132 2204 148 2227 s
176 2193 259 2227 add.
286 2204 331 2227 m.
358 2194 402 2236 r.)
476 2196 519 2226 25
546 2194 656 2235 noete
683 2207 711 2238 φ
785 2196 829 2227 26
855 2192 1112 2239 (multisque)
1137 2192 1276 2226 inserui
1299 2192 1345 2235 cf.
1373 2191 1472 2227 Mus.

130 2239 245 2274 Rhen.
273 2240 321 2274 N.
336 2240 370 2275 S.
397 2239 504 2274 XLII.
532 2244 600 2273 315
627 2245 659 2275 et
686 2240 757 2275 Cic.
780 2251 850 2284 pro
876 2240 980 2276 Rose.
1007 2239 1089 2274 Am.
1115 2242 1135 2280 ξ
1162 2242 1216 2283 17,
1237 2250 1307 2284 pro
1333 2238 1474 2274 Gluent.

129 2290 150 2329 ἓ
174 2290 232 2331 40,
258 2298 328 2332 pro
355 2286 474 2321 Caelio
500 2291 518 2329 ξ
545 2290 590 2320 64
687 2291 730 2320 27
762 2289 893 2331 tropea
918 2287 947 2320 F
1043 2289 1087 2320 29
1122 2285 1205 2330 ipsa
1235 2287 1366 2331 scripsi
1407 2285 1476 2320 illa.

128 2335 210 2369 edd.
238 2335 281 2377 cf.
311 2338 389 2369 274.
413 2338 456 2368 23
531 2344 650 2368 emere
676 2334 779 2378 Ε’Ῑφ1

1499 752 1534 777 10

1500 1045 1534 1072 15

1499 1326 1587 1366 20}

1496 1634 1584 1661 251
