1591 2556
536 63 636 98 CAP.
663 63 1000 98 XXVIHI—XXXI
1355 64 1441 105 247

96 160 338 214 arboribus,
380 160 489 215 <et>,
533 175 698 202 summo
742 159 958 201 cacumine
1000 160 1050 200 de
1093 160 1289 201 manibus
1330 160 1442 202 fabri

96 219 214 261 fonte
238 222 448 273 manante,
479 219 664 260 fluuialis
697 233 826 273 aquas
859 218 1061 272 eliquans.
1124 219 1307 273 capellae
1339 233 1440 273 pau-

96 278 214 319 culae
244 278 478 320 tondebant
508 278 706 319 herbulas
738 280 780 318 et
808 277 851 318 in
877 278 1050 318 modum
1075 276 1240 318 Paridis
1260 277 1441 333 Phrygii

10 380 12 384 ,
96 337 278 391 pastoris
303 337 535 378 barbaricis
561 337 752 378 amiculis
778 337 935 377 umeris
963 336 1244 377 defluentibus
1264 337 1441 390 pulchre

5 407 11 450 g}
32 430 34 432 .
59 416 76 440 5
96 396 333 437 indusiatus
365 396 627 450 adulescens,
660 411 785 437 aurea
816 396 924 436 tiara
955 398 1148 437 contecto
1185 396 1339 450 capite,
1370 410 1439 450 pe-

5 450 6 454 *
95 455 283 496 cuarium
315 455 544 496 simulabat
568 455 872 510 magisterium.
923 455 1042 496 adest
1066 454 1308 496 luculentus
1334 469 1441 508 puer

92 514 243 568 nudus,
280 514 363 555 nisi
395 514 508 568 quod
539 514 740 568 ephebica
771 513 981 554 chlamida
1013 514 1234 555 sinistrum
1266 514 1439 568 tegebat

92 587 303 627 umerum,
354 573 477 614 flauis
521 573 707 614 crinibus
752 588 1055 627 usquequaque
1099 573 1352 627 conspicuus
1397 576 1440 614 et

3 671 5 682 A
91 631 202 672 inter
234 646 374 673 comas
406 633 496 673 eius
529 647 677 673 aureae
708 632 909 686 pinnulae
939 632 1190 686 cognatione
1217 632 1348 673 simili
1374 646 1439 673 so-

3 686 72 734 s1=1o
91 690 224 732 ciatae
256 691 564 746 prominebant,
596 706 721 745 quem
754 691 982 732 caduceum
1015 694 1058 732 et
1082 691 1251 746 uirgula
1276 691 1438 732 Mercu-

91 749 201 790 rium
245 750 498 791 indicabant.
560 751 596 791 is
640 750 856 791 saltatorie
899 765 1151 804 procurrens
1192 750 1436 804 malumque

89 808 271 850 bracteis
303 809 542 850 inauratum
575 809 724 850 dextra
755 823 917 864 gerens,
948 809 1040 863 <θέ>
1072 809 1144 863 qui
1170 808 1290 850 Paris
1322 809 1436 850 uide-

88 867 216 908 batur
239 868 432 923 porrigit,
465 868 567 922 quid
591 869 810 909 mandaret
835 867 1028 922 Iuppiter
1053 871 1161 909 nutu
1189 868 1435 923 significans

89 929 131 967 et
156 927 351 980 protinus
378 927 556 982 gradum
583 927 733 968 scitule
755 928 940 969 referens
962 943 982 969 e
1004 930 1232 981 conspectu
1252 927 1435 968 facessit.

28 1004 67 1030 ,15
87 985 327 1040 insequitur
351 986 492 1040 puella
517 986 641 1027 uultu
660 986 840 1027 honesta
865 987 909 1027 in
937 987 1035 1028 deae
1056 985 1230 1027 Iunonis
1252 986 1436 1040 speciem

87 1045 257 1086 similis:
289 1060 386 1085 nam
413 1048 455 1086 et
480 1048 607 1099 caput
633 1046 870 1100 stringebat
897 1046 1087 1086 diadema
1115 1045 1302 1098 candida,
1331 1045 1436 1086 fere·

86 1103 159 1144 bat
190 1107 232 1144 et
261 1107 485 1157 sceptrum.
536 1105 698 1158 inrupit
724 1105 806 1145 alia
833 1119 959 1159 quarn
985 1108 1157 1158 putares
1183 1104 1435 1159 Mineruam,

86 1165 213 1216 caput
245 1166 436 1204 contecta
466 1163 650 1218 fulgenti
682 1163 803 1217 galea
829 1166 871 1204 et
896 1164 1115 1218 oleaginea
1141 1178 1297 1204 corona
1321 1166 1436 1218 tege-

2 1272 3 1277 1
85 1221 212 1262 batur
242 1222 334 1275 ipsa
365 1222 497 1276 galea,
529 1222 724 1276 clypeum
752 1222 950 1263 attollens
978 1226 1019 1263 et
1044 1222 1211 1263 hastam
1238 1222 1434 1277 quatiens

2 1313 3 1317 ,
31 1299 67 1323 20
87 1283 128 1321 et
160 1280 297 1334 qualis
330 1281 403 1321 illa
429 1295 524 1322 cum
550 1284 722 1336 pugnat.
785 1280 939 1322 XXXI.
973 1296 1099 1335 super
1129 1281 1206 1322 has
1232 1281 1435 1324 introces-

86 1340 142 1380 sit
174 1339 257 1380 alia
287 1340 463 1381 uisendo
497 1340 644 1381 decore
675 1340 960 1394 praepollens,
993 1341 1129 1395 gratia
1162 1340 1315 1381 coloris
1348 1355 1432 1382 am-

84 1398 225 1439 brosei
258 1398 483 1453 designans
515 1398 737 1453 Venerem,
770 1399 906 1453 qualis
939 1400 1022 1440 fuit
1048 1399 1194 1440 Venus
1227 1414 1323 1440 cum
1349 1399 1434 1441 fuit

83 1457 218 1512 uirgo,
249 1458 362 1498 nudo
389 1461 430 1499 et
456 1458 614 1499 intecto
636 1473 810 1512 corpore
830 1458 1061 1512 perfectam
1088 1458 1432 1499 formonsitatem

83 1516 284 1570 professa,
316 1517 399 1558 nisi
432 1517 544 1571 quod
575 1518 693 1558 tenui
721 1517 851 1571 pallio
878 1518 1133 1571 bombycino
1160 1517 1433 1558 inumbrabat

27 1592 63 1618 25
84 1575 357 1628 spectabilem
388 1577 555 1630 pubem.
607 1591 733 1630 quam
767 1576 937 1630 quidem
968 1576 1165 1618 laciniam
1192 1577 1432 1617 curiosulus

84 1636 237 1675 uentus
275 1635 379 1675 satis
417 1638 607 1676 amanter
644 1650 756 1676 nunc
793 1635 1018 1676 lasciuiens
1056 1635 1251 1690 reflabat,
1291 1638 1340 1676 ut
1372 1636 1431 1676 di·

82 1696 199 1733 mota
229 1695 393 1746 pateret
423 1694 502 1734 flos
541 1694 766 1748 aetatulae,
804 1709 916 1736 nunc
947 1694 1167 1735 luxurians
1201 1695 1429 1749 aspirabat,

82 1754 130 1792 ut
151 1751 380 1793 adhaerens
406 1753 595 1806 pressule
621 1754 908 1794 membrorum
934 1754 1200 1819 uoluptatem
1228 1753 1430 1820 graphice

81 1810 302 1852 liciniaret.
359 1811 449 1865 ipse
481 1814 621 1853 autem
655 1812 770 1853 color
802 1812 901 1853 deae
934 1813 1126 1854 diuersus
1158 1813 1203 1853 in
1235 1813 1430 1867 speciem,

0 1845 62 1912 l30
82 1876 233 1924 corpus
266 1870 490 1911 candidum
524 1871 638 1925 quod
669 1872 782 1912 caelo
816 1871 991 1925 demeat,
1024 1872 1203 1912 amictus
1236 1871 1429 1913 caerulus

82 1929 194 1982 quod
231 1929 339 1970 mari
376 1933 545 1970 remeat.
607 1930 689 1970 iam
729 1930 918 1985 singulas
956 1931 1145 1986 uirgines
1185 1945 1290 1985 quae
1329 1931 1430 1972 deae

175 2060 193 2089 1
227 2057 322 2103 <et>
355 2058 494 2092 inserui
592 2061 621 2092 1.
639 2063 658 2091 2
692 2058 737 2092 de
769 2058 1013 2093 foraminibus
1049 2058 1147 2093 labri
1181 2058 1283 2093 fonte
1322 2059 1427 2094 Com

79 2107 100 2137 3
126 2102 272 2138 Paridis
296 2105 420 2139 seclus
446 2104 537 2139 ΟΜΖ.
611 2109 633 2139 4
660 2105 898 2140 defuentibus
924 2106 987 2150 Εφ
996 2107 1006 2125 ¹
1080 2110 1099 2140 7
1128 2106 1333 2150 ephoebica
1361 2106 1425 2150 Fcp

78 2149 267 2185 chlamida
292 2151 320 2184 F
346 2152 392 2194 cf.
419 2155 498 2185 220.
520 2156 561 2185 21
602 2151 764 2187 clamida
790 2167 817 2197 φ
862 2153 1061 2198 chlamyda
1092 2153 1132 2188 E
1232 2157 1252 2186 9
1287 2163 1424 2197 cogna-

77 2196 181 2231 tione
206 2199 273 2233 uix
297 2199 494 2242 sincermn;
525 2211 613 2233 num
637 2200 712 2242 fuit
736 2200 1044 2235 concatenatione
1070 2202 1129 2235 uel
1154 2199 1426 2244 copulatione?

80 2247 123 2277 12
149 2244 239 2291 (ei)
258 2246 325 2281 ins
356 2246 446 2281 Oud.
541 2250 584 2280 16
610 2246 771 2281 candida
802 2247 830 2281 F
865 2248 1067 2282 candidum
1093 2248 1152 2291 φδ
1247 2250 1291 2281 24
1317 2247 1424 2281 bom·

77 2290 202 2327 bicino
228 2291 256 2325 F
354 2296 397 2327 28
423 2293 560 2338 grafice
585 2293 649 2339 Ρφ
676 2295 721 2338 cf.
750 2298 827 2330 151.
850 2299 894 2329 20
932 2294 1100 2340 gratifice
1127 2296 1149 2328 ὃ
