1591 2556
556 74 656 110 CAP.
687 74 938 108 XVI—XVIII
1365 76 1417 115 81

70 188 161 227 per·
195 171 416 227 [p.67.E.]
450 171 636 212 ditorum
668 185 811 212 secum
843 170 1147 225 <animalium
1179 186 1413 225 recensens,

71 246 156 273 non
188 231 416 273 difficulter
450 230 665 284 adsensus,
696 232 744 270 ut
776 243 827 270 ex
859 229 1036 271 arbitrio
1063 233 1208 271 nostro
1241 245 1413 272 caueam

70 291 306 333 locaremus
336 289 458 331 facile
499 289 705 343 permisit.
769 288 857 329 esed
895 291 937 330 et
973 289 1067 329 nos’
1105 289 1277 343 inquam
1318 289 1416 343 ‘ipsi

4 400 5 407 ἵ
70 350 208 404 parati
257 363 403 391 sumus
451 348 521 390 hic
570 348 727 389 ibidem
776 362 853 402 pro
904 362 1031 389 cauea
1075 347 1158 388 ista
1208 348 1415 389 excubare

35 426 50 450 5
70 412 234 463 noctes,
265 411 313 449 ut
344 410 485 449 aestus
519 410 560 449 et
592 407 830 448 uexationis
864 406 1132 448 incommodo
1164 406 1324 448 bestiae
1356 407 1414 448 fa-

4 461 5 469 *
70 468 228 523 tigatae
259 469 302 508 et
332 466 473 508 cibum
506 466 809 520 tempestiuum
842 469 883 507 et
914 469 1063 520 potum
1097 465 1271 507 solitum
1299 481 1415 507 accu-

69 527 203 568 ratius
236 526 489 567 offeramus.’

159 585 297 628 ‘Nihil
328 584 568 640 indigemus
599 584 744 626 labore
783 585 865 626 isto
899 584 1059 625 uestro’
1091 584 1313 638 respondit
1345 583 1415 625 ille

71 645 171 686 ‘iam
208 659 340 699 paene
377 647 468 685 tota
504 643 667 684 familia
702 659 778 697 per
818 643 1027 685 diutinam
1067 643 1416 684 consuetudinem

4 721 49 746 10
69 704 306 745 nutriendis
338 703 448 744 ursis
482 703 714 744 exercitata
748 703 840 744 est.'

155 761 313 805 XVIII.
351 761 456 803 Post
480 762 583 803 haec
609 762 703 803 uale
728 762 842 803 facto
870 761 1145 803 discessimus
1180 765 1222 803 et
1248 764 1416 815 portam

4 840 5 863 1
67 822 255 863 ciuitatis
300 822 459 876 egressi
502 824 826 862 monumentum
871 821 1083 875 quoddam
1122 821 1420 875 conspicamur

4 872 5 884 ¹
67 881 215 935 procul
253 896 276 921 a
312 880 383 921 uia
420 883 584 922 remoto
624 883 665 921 et
703 880 847 922 abdito
879 879 972 921 loco
1005 880 1206 934 positum.
1259 880 1318 920 ibi
1352 895 1415 921 ca-

67 940 191 994 pulos
223 940 331 981 carie
369 942 412 981 et
449 942 663 980 uetustate
701 940 1036 993 semiconfectos,
1069 939 1164 994 quis
1204 938 1414 980 inhabita-

16 1015 47 1040 15
67 999 171 1040 bant
194 999 386 1053 puluerei
412 1001 454 1039 et
478 999 562 1039 iam
584 999 763 1040 cinerosi
783 999 955 1052 mortui,
987 999 1146 1052 passim
1167 998 1219 1039 ad
1244 998 1414 1039 futurae

66 1058 242 1112 praedae
274 1057 539 1111 receptacula
575 1073 811 1099 reseramus
844 1061 897 1111 et,
929 1073 980 1098 ex
1013 1057 1237 1112 disciplina
1275 1060 1415 1098 sectae

67 1120 234 1158 seruato
279 1117 415 1158 noctis
460 1117 623 1157 inlunio
666 1120 875 1170 tempore,
914 1131 997 1170 quo
1040 1131 1214 1158 somnus
1259 1116 1415 1158 obuius

67 1176 229 1230 impetu
272 1176 408 1229 primo
454 1175 579 1216 corda
622 1176 868 1216 mortalium
918 1175 1101 1216 ualidius
1152 1175 1317 1216 inuadit
1369 1190 1416 1216 ac

67 1235 241 1288 premit,
272 1234 489 1275 cohortem
522 1237 712 1275 nostram
745 1234 898 1289 gladiis
931 1237 1136 1275 armatam
1170 1237 1267 1276 ante
1300 1235 1417 1288 ipsas

4 1312 49 1336 :30
67 1294 179 1335 fores
204 1293 493 1347 Democharis,
525 1293 644 1334 uelut
675 1294 947 1347 expilationis
979 1294 1271 1335 uadimonium
1304 1294 1418 1334 sisti-

69 1367 174 1393 mus.
225 1367 301 1394 nec
339 1353 470 1393 setius
503 1348 784 1407 Tffir'esjrleon,
816 1353 1074 1394 examussim
1113 1356 1237 1407 capto
1276 1353 1417 1394 noctis

5 1434 6 1448 ÷
68 1408 306 1453 latrocinaIi
332 1408 560 1465 momento,
579 1412 770 1465 prorepit
795 1426 924 1453 cauea
949 1412 1179 1466 statimque
1207 1412 1404 1453 custodes
1412 1446 1421 1465 ,

70 1471 143 1525 qui
179 1473 352 1524 propter
390 1471 518 1524 sopiti
557 1471 831 1525 quiescebant
863 1485 1009 1512 omnes
1042 1471 1094 1511 ad
1135 1485 1286 1524 unum,
1319 1485 1421 1511 mox

6 1579 7 1583 Ἰ
71 1530 199 1571 etiam
242 1529 465 1570 ianitorem
503 1530 643 1583 ipsum
685 1530 825 1584 gladio
871 1530 1043 1571 conficit
1081 1530 1276 1584 clauique
1323 1530 1418 1571 sub-

17 1605 51 1631 25
70 1591 206 1630 tracta
236 1588 348 1630 fores
388 1589 536 1630 ianuae
568 1589 764 1643 repandit
795 1589 1002 1644 nobisque
1035 1592 1232 1643 prompte
1264 1603 1417 1630 conuo-

69 1647 257 1689 lantibus
289 1650 331 1689 et
357 1647 505 1689 domus
538 1648 658 1689 alueo
690 1649 871 1703 receptis
905 1648 1168 1690 demonstrat
1205 1648 1421 1695 horreum,

71 1707 145 1747 ubi
181 1721 359 1761 uespera
395 1707 603 1761 sagaciter
634 1710 858 1762 argentum
891 1708 1111 1762 copiosum
1152 1707 1325 1749 recondi
1358 1708 1418 1748 ui-

71 1765 200 1807 derat.
233 1781 316 1820 quo
335 1766 530 1820 protinus
550 1766 760 1820 perfracto
782 1767 994 1808 confertae
1020 1781 1170 1808 manus
1197 1766 1415 1820 uiolentia,

0 1862 8 1869 .
74 1824 198 1866 iubeo
231 1824 422 1880 singulos
448 1825 787 1866 commilitonum
820 1829 1038 1879 asportare
1065 1829 1272 1880 quantum
1306 1826 1419 1879 quis-

23 1900 56 1925 30
77 1898 156 1937 que
194 1886 361 1938 poterat
398 1885 490 1925 auri
528 1884 597 1925 uel
635 1885 799 1939 argenti
832 1888 874 1926 et
911 1885 955 1926 in
986 1885 1073 1926 illis
1113 1885 1287 1926 aedibus
1324 1885 1422 1925 fide-

77 1942 339 1984 lissimorum
382 1946 648 1984 mortuorum
692 1943 903 1985 occultare
947 1959 1125 1998 propere
1170 1958 1424 1997 rursumque

171 2122 188 2151 1
224 2117 498 2164 <animalium>
527 2119 664 2152 inserui
762 2123 804 2153 14
831 2119 1114 2153 semiconfectos
1148 2121 1279 2163 scripsi
1317 2118 1424 2153 semi—

83 2165 203 2199 tectos
228 2166 306 2199 cdd.
405 2176 496 2209 quos
524 2167 546 2199 ὃ
644 2169 685 2200 17
712 2177 808 2210 quo*
835 2166 862 2200 F
898 2177 970 2210 qua
997 2175 1027 2209 φ
1126 2171 1169 2201 ’20
1203 2166 1316 2200 uelud
1342 2166 1426 2207 F2cp

80 2215 122 2245 21
162 2212 367 2264 6Ξξιωυείῑι1
390 2212 454 2256 Ὲφ
571 2216 625 2247 25,
642 2216 685 2246 26
718 2213 1002 2248 conuolentibus
1030 2223 1059 2256 φ
1176 2218 1218 2247 26
1246 2213 1354 2247 albeo
1381 2213 1427 2246 Fl

82 2297 125 2328 28
152 2268 342 2349 ρὲὃεὺϊαῖο
369 2303 398 2336 φ
481 2294 599 2329 Εἰαϊ16
626 2295 652 2328 F
686 2295 881 2330 confestim
908 2296 1073 2330 confarte
1101 2297 1159 2339 φὸ
1193 2295 1371 2339 (cons-arte
1392 2296 1428 2338 ὅ)

156 2371 282 2396 Apum
303 2379 424 2397 mmmm.
445 2373 490 2397 ed.
511 2373 626 2398 Vliet.
1129 2371 1146 2399 15
