1591 2556
180 58 201 97 Ι
206 56 261 97 06
759 58 887 92 LIBRI
914 59 946 93 V

175 153 459 207 pulcherrime
490 153 678 194 triclinio
716 155 919 209 mirisque
957 154 1044 195 illis
1076 158 1117 196 et
1154 155 1291 197 beatis
1323 155 1518 198 edulibus
1576 161 1578 193 Ἀ

177 213 324 267 [atque
356 212 553 267 tuccetis]
588 213 782 255 oblectat.
827 214 945 255 iubet
977 214 1183 255 citharam
1213 214 1344 269 loqui,
1375 214 1518 269 psalli-

175 275 266 326 tur3
310 271 437 313 tibias
481 286 623 327 agere,
667 276 862 327 sonatur3
905 273 1055 314 choros
1100 288 1268 328 canere,
1311 276 1518 315 cantatur.
1560 276 1579 306 l'

177 346 284 385 quae
321 334 472 372 cuncta
509 331 626 371 nullo
664 335 884 385 praesente
923 332 1179 373 dulcissimis
1217 332 1401 374 modulis
1433 333 1518 374 ani-

175 405 268 431 mos
300 390 562 431 audientium
594 390 894 432 remulcebant.
956 406 1032 432 nec
1064 394 1205 432 tamen
1244 391 1516 433 scelestarum
1548 428 1551 433 .

175 449 429 491 feminarum
461 449 652 503 nequitia
689 449 759 490 uel
790 450 882 503 ipsa
918 450 1081 491 mellita
1118 453 1265 492 cantus
1298 451 1518 493 dulcedine

175 509 342 549 mollita
368 508 613 562 conquieuit
639 509 712 549 sed
739 509 791 549 ad
816 509 1070 550 destinatam
1095 509 1518 564 fraudiumpedjcam

176 582 412 609 sermonem
440 567 703 608 conferentes
725 567 1041 609 dissimulanter
1061 568 1275 623 occipiunt
1300 569 1519 623 sciscitari,

175 627 312 681 qualis
354 627 391 667 ei
424 627 601 667 maritus
643 629 684 667 et
720 627 831 667 unde
869 627 1096 681 natalium,
1139 631 1254 669 secta
1291 628 1387 679 cuia
1424 642 1517 682 pro-

176 686 352 727 ueniret.
403 688 505 727 tunc
537 685 611 726 illa
642 686 915 740 simplicitate
947 686 1078 727 nimia
1108 686 1280 740 pristini
1311 687 1518 728 sermonis
1538 706 1552 732 ι

174 745 307 786 oblita
332 760 491 785 nouum
512 748 798 786 commentum
819 745 994 786 instruit
1020 748 1147 800 atque
1172 746 1373 787 maritum
1395 761 1518 787 suum

175 805 225 845 de
244 804 465 858 prouincia
490 805 685 858 proxima
710 805 876 858 magnis
903 805 1093 859 pecuniis
1119 805 1408 860 negotiantem
1433 805 1519 846 iam

174 864 361 904 medium
393 878 563 904 cursum
596 864 746 904 aetatis
779 877 914 918 agere,
946 864 1251 918 interspersum
1283 879 1378 905 rara
1409 864 1518 906 cani-

173 923 242 964 tie.
305 937 381 964 nec
412 923 456 963 in
489 922 545 976 [p.
567 922 633 963 88.
654 922 722 977 E]
756 937 947 964 sermone
979 923 1063 964 isto
1095 923 1312 964 tantillum
1353 926 1519 965 morata
1584 967 1585 973 χ

173 997 343 1023 rursum
376 982 563 1035 opiparis
595 982 842 1023 muneribus
871 997 939 1023 eas
972 985 1147 1023 onustas
1185 985 1364 1024 uentoso
1403 982 1518 1024 uehi·
1537 1000 1552 1026 1

174 1040 270 1082 culo
302 1041 496 1082 reddidit.
1584 1046 1585 1052 ’

262 1099 377 1140 XVI.
417 1098 499 1140 Sed
531 1100 631 1140 dum
657 1099 839 1153 Zephyri
874 1100 1105 1154 tranquillo
1138 1100 1292 1154 spiritu
1319 1100 1518 1141 sublima-

172 1161 240 1200 tae
268 1159 439 1200 domum
472 1159 660 1212 redeunt,
692 1159 752 1199 sic
779 1173 920 1200 secum
947 1159 1198 1200 altercantes
1230 1159 1360 1214 equid,
1387 1174 1518 1214 soror,

174 1218 353 1259 dicimus
392 1218 441 1258 de
486 1221 573 1258 tam
617 1220 887 1259 monstruoso
932 1218 1073 1259 fatuae
1110 1218 1226 1259 illius
1266 1219 1517 1260 mendacio?

171 1280 274 1318 tunc
313 1277 556 1318 adulescens
601 1277 726 1318 modo
770 1277 939 1318 florenti
983 1277 1184 1331 lanugine
1232 1277 1407 1318 barbam
1456 1278 1552 1323 in-p.

172 1339 359 1390 struens,
402 1351 514 1377 nunc
553 1338 688 1377 aetate
732 1336 871 1377 media
914 1337 1111 1377 candenti
1149 1337 1301 1378 canitie
1338 1336 1516 1378 lucidus.
1586 1340 1587 1347 ’

173 1396 269 1450 quis
301 1395 373 1436 ille
406 1410 531 1449 quem
563 1395 767 1449 temporis
799 1395 955 1436 modici
988 1396 1174 1449 spatium
1205 1396 1425 1450 repentina
1456 1411 1516 1437 se-

172 1458 296 1496 necta
326 1454 603 1496 reformauit‘?
643 1454 703 1495 nil
734 1454 849 1495 aliud
880 1455 1105 1509 repperies,
1135 1455 1194 1495 mi
1226 1469 1357 1509 soror,
1389 1470 1516 1510 quam

173 1514 243 1555 uel
280 1514 500 1555 mendacio
538 1514 624 1567 ista
663 1513 890 1567 pessimam
927 1514 1129 1555 feminam
1167 1514 1407 1569 confingere
1447 1514 1517 1556 uel

171 1568 358 1614 formam
385 1566 626 1613 maritissfii
651 1573 823 1614 nescire.
875 1587 1055 1627 quorum
1081 1569 1230 1614 utruni
1257 1588 1407 1615 uerum
1440 1576 1515 1627 est,

174 1632 326 1686 opibus
358 1632 453 1672 istis
481 1646 607 1685 quam
639 1632 825 1685 primum
857 1632 1177 1673 exterminanda
1207 1634 1283 1673 est.
1335 1633 1447 1687 quod
1480 1633 1516 1674 si

172 1692 256 1732 uiri
289 1691 354 1732 sui
385 1691 536 1732 faciem
569 1691 749 1745 ignorat,
781 1691 857 1732 deo
883 1691 1072 1745 profecto
1100 1691 1299 1745 denupsit
1324 1694 1366 1732 et
1391 1691 1516 1733 deum

171 1751 295 1792 nobis
327 1750 631 1804 praegnatione
663 1750 746 1791 ista
771 1750 891 1804 gerit.
943 1752 1053 1791 certe
1080 1751 1115 1791 si
1143 1751 1439 1806 diuiniAEEQlli
1458 1776 1516 1780 -—

173 1810 287 1863 quod
319 1809 431 1850 absit
462 1835 519 1838 ——
549 1809 653 1865 haec
684 1812 819 1850 mater
851 1809 1047 1863 audierit,
1089 1810 1233 1851 statim
1265 1825 1332 1851 me
1363 1810 1514 1864 laqueo

171 1869 303 1910 nexili
345 1868 611 1922 suspendam.
643 1864 774 1923 ”ergo
812 1867 984 1910 interim
1025 1869 1077 1909 ad
1112 1871 1308 1922 parentes
1346 1872 1516 1910 nostros

267 2035 284 2065 1
311 2030 559 2076 pulcherrime
579 2031 674 2075 Ὲφδ
699 2031 947 2076 pulcherrimo
967 2032 1008 2066 E.
1035 2033 1080 2075 cf.
1097 2036 1152 2066 83.
1170 2036 1201 2066 7.
1218 2036 1238 2067 8
1335 2037 1354 2067 2
1383 2033 1514 2078 [atque

169 2078 344 2124 tuccetis]
364 2079 494 2113 seclusi
513 2080 550 2112 et
568 2079 775 2123 potulentis
792 2080 894 2114 Corn.
965 2084 984 2113 5
1012 2079 1274 2114 demulcebant
1293 2081 1316 2114 ὃ
1383 2083 1403 2114 6
1430 2079 1513 2124 ipsa

170 2150 247 2185 δΕ.
283 2148 350 2183 illa
376 2148 472 2193 szg
570 2153 588 2183 7
622 2149 796 2184 fraudum
828 2164 855 2195 φ
955 2154 996 2184 15
1023 2128 1178 2184 honusta
1205 2163 1232 2194 φ
1331 2154 1373 2185 18
1401 2150 1513 2185 alter-

170 2199 298 2232 cantes
330 2196 394 2240 Fcp
409 2196 448 2230 E.
489 2196 719 2231 altercantur
745 2198 767 2231 δ
887 2201 931 2232 20
964 2196 1179 2232 adolescens
1210 2197 1238 2231 F
1336 2202 1380 2232 24
1410 2209 1512 2233 men·
1552 2215 1553 2218 ¹

171 2245 279 2279 dacio
310 2243 385 2278 ista
417 2243 525 2278 Salm.
569 2244 764 2278 mendacio
796 2244 906 2279 istam
939 2246 1017 2280 edd.
1061 2244 1297 2279 mendacium
1326 2245 1439 2280 istam
1469 2245 1511 2280 E.

170 2290 367 2327 mendacia
397 2291 486 2326 Oud.
586 2295 628 2325 29
656 2291 818 2326 audierit
843 2292 925 2336 F1q>
973 2291 1136 2326 *adierit
1160 2292 1207 2325 pz-
