1591 2556
630 99 730 135 CAP.
757 85 906 134 VII—X
1348 101 1432 142 229
1462 72 1467 77 ’

94 197 185 251 ipse
216 211 300 237 non
331 211 505 250 possum
544 196 702 237 calcata
732 196 954 237 numinum
989 196 1192 250 religione
1225 198 1433 238 conscien-

93 256 197 297 tiam
228 270 364 296 meam
396 255 545 296 fallens
576 269 795 310 perperam
827 255 1112 330 pronuntiare.
1162 269 1261 310 ergo
1294 259 1341 297 ut
1366 271 1432 297 res

94 318 170 369 est
202 314 251 356 de
282 329 348 355 me
381 315 632 369 cognoscite.

182 372 319 414 VIIII.
359 372 551 414 Furcifer
581 373 672 427 iste,
710 387 918 413 uenenum
957 374 1291 427 praesentarium
1324 389 1432 415 com-

58 450 73 474 5
93 447 240 486 parare
265 432 473 473 sollicitus
500 435 751 485 centumque
778 446 926 473 aureos
953 432 1109 473 solidos
1137 432 1315 474 offerens
1342 448 1432 486 pre-

92 491 211 545 tium,
248 506 315 532 me
346 506 431 532 non
464 491 564 532 olim
597 493 868 544 conuenerat,
910 491 1024 545 quod
1063 494 1234 546 aegroto
1267 492 1433 532 cuidam

93 550 257 591 dicebat
289 551 588 604 necessarium⁷
626 550 697 604 qui
735 550 874 591 morbi
912 550 1217 591 inextricabilis
1256 554 1431 592 ueterno

91 609 363 651 uehementer
406 609 645 664 implicatus
689 609 803 650 uitae
847 624 890 650 se
935 610 1139 650 cruciatui
1185 610 1431 652 subtrahere

92 669 278 723 gestiret.
336 672 378 709 at
410 683 487 723 ego
520 669 777 722 perspiciens
809 668 968 709 malum
1000 669 1130 709 istum
1158 669 1431 711 uerberonem

39 745 72 768 10
92 727 370 769 blaterantem
409 730 534 782 atque
571 728 819 768 inconcinne
858 728 1172 769 causificantem
1211 732 1433 782 certusque

91 786 263 841 aliquod
295 786 435 828 moliri
466 786 688 841 flagitium,
728 787 822 827 dedi
857 787 1026 840 quidem
1059 787 1288 841 potionem,
1321 787 1432 841 dedi3

91 846 163 887 sed
193 845 360 887 futurae
393 846 629 900 quaestioni
667 860 922 900 praecauens
954 861 1038 887 non
1071 846 1214 887 statim
1248 847 1433 900 pretium

91 905 203 959 quod
235 905 489 946 offerebatur
521 905 673 959 accepi⁷
712 905 784 946 sed
817 904 883 946 ene
915 904 1025 945 forte
1058 904 1227 959 aliquis’
1260 906 1433 959 inquam

90 963 285 1004 ‘istorum
318 978 423 1018 quos
451 964 575 1005 offers
602 978 824 1005 aureorum
851 979 1032 1018 nequam
1059 964 1126 1005 uel
1154 964 1318 1005 adulter
1343 979 1433 1018 rep—

38 1040 69 1064 15
90 1023 288 1077 periatur,
325 1023 367 1063 in
405 1023 486 1064 hoc
517 1023 609 1077 ipso
649 1023 814 1064 sacculo
854 1023 1046 1064 conditos
1085 1038 1155 1064 eos
1195 1023 1320 1064 anulo
1359 1027 1433 1064 tuo

90 1084 303 1136 praenota,
336 1082 467 1123 donec
500 1081 631 1123 altera
663 1082 727 1123 die
760 1082 1044 1123 nummulario
1077 1085 1296 1136 praesente
1324 1097 1432 1123 com-

89 1141 349 1194 probentur.’
412 1141 471 1182 sic
503 1141 700 1182 inductus
733 1141 920 1195 signauit
952 1142 1173 1195 pecuniam
1207 1157 1333 1195 quam
1366 1157 1432 1182 ex-

90 1199 186 1241 inde
217 1202 265 1240 ut
302 1200 381 1240 iste
419 1202 756 1254 repraesentatus
789 1203 853 1241 est
884 1200 1058 1254 iudicio,
1096 1200 1200 1241 iussi
1240 1201 1288 1241 de
1326 1201 1431 1241 meis

90 1258 273 1313 aliquem
303 1259 511 1300 curriculo
538 1259 713 1300 taberna
738 1262 978 1313 promptam
1006 1259 1167 1300 adferre
1194 1262 1235 1300 et
1262 1275 1312 1301 en
1339 1275 1432 1301 ecce

37 1335 70 1359 20
90 1317 296 1371 perlatam
329 1329 468 1359 coram
501 1318 691 1359 exhibeo.
750 1318 892 1359 uideat
924 1322 965 1359 et
997 1333 1120 1359 suum
1153 1318 1343 1373 sigillum
1376 1334 1434 1360 re-

91 1379 329 1431 cognoscat.
391 1392 488 1417 nam
528 1392 652 1431 quem
691 1377 742 1417 ad
778 1377 951 1418 modum
990 1378 1079 1418 eius
1117 1378 1267 1418 ueneni
1304 1378 1436 1419 frater

92 1435 331 1476 insimulari
362 1439 504 1490 potest
536 1436 648 1490 quod
680 1436 759 1477 iste
793 1436 1145 1490 comparauei·it?'

180 1494 230 1536 X.
262 1493 419 1550 Ingens
452 1495 601 1536 exinde
632 1495 906 1536 uerberonem
933 1495 1109 1549 corripit
1135 1496 1360 1549 trepidatio
1394 1499 1436 1537 et

93 1553 136 1594 in
168 1554 304 1595 uicem
336 1554 510 1595 humani
549 1554 700 1595 coloris
733 1555 920 1595 succedit
949 1554 1086 1608 pallor
1124 1554 1313 1595 infernus
1345 1570 1434 1609 per-

0 1657 1 1670 }
40 1629 73 1654 25
95 1627 174 1666 que
206 1613 404 1654 uniuersa
434 1614 624 1654 membra
656 1613 907 1668 [p.188.E.]
946 1613 1127 1668 frigidus
1167 1614 1294 1654 sudor
1326 1629 1433 1655 ema-

93 1672 231 1712 nabat.
287 1674 389 1713 tunc
420 1672 546 1726 pedes
578 1673 750 1713 incertis
778 1672 1128 1713 alternationibus
1155 1688 1433 1726 commouere,

92 1730 217 1771 modo
249 1730 357 1772 hanc
388 1731 512 1772 modo
546 1731 663 1772 illam
696 1731 847 1785 capitis
878 1734 1043 1785 partem
1075 1732 1260 1786 scalpere
1291 1735 1332 1773 et
1364 1747 1433 1773 ore

94 1789 342 1830 semiclauso
381 1789 621 1831 balbutiens
653 1791 794 1831 nescio
828 1805 931 1844 quas
965 1791 1138 1831 afannas
1171 1792 1348 1844 effutire,
1386 1794 1434 1832 ut

93 1863 188 1889 eum
230 1863 353 1889 nemo
391 1863 564 1902 prorsus
603 1864 626 1889 a
664 1849 787 1903 culpa
824 1864 1005 1890 uacuum
1043 1850 1194 1891 merito
1235 1847 1432 1892 crederet.

41 1923 75 1948 30
95 1907 167 1948 sed
198 1907 482 1948 reualescente
520 1923 666 1949 rursus
705 1909 875 1951 audacia
907 1909 1248 1950 constantissime
1280 1923 1433 1964 negare

94 1969 136 2007 et
162 1981 371 2008 accersere
398 1967 603 2008 mendacii
626 1982 709 2007 non
731 1967 885 2008 desinit
904 1968 1125 2008 medicum.
1176 1969 1249 2022 qui
1268 1972 1435 2022 praeter

189 2097 208 2128 8
234 2072 446 2138 implicatus
473 2094 500 2128 F
528 2094 552 2137 (i
579 2106 644 2129 scr.
671 2107 715 2129 m.
742 2096 909 2140 antiqua)
945 2095 1150 2140 implicitus
1178 2097 1236 2140 φὸ
1310 2100 1328 2129 9
1356 2107 1432 2129 um-

94 2139 269 2175 beronem
294 2155 321 2185 φ
402 2145 446 2175 10
472 2141 662 2185 incoccine
689 2155 716 2186 φ
790 2142 1082 2177 clausificantem
1109 2156 1136 2187 φ
1212 2147 1252 2177 11
1280 2144 1433 2177 alterum

95 2187 178 2221 dedi
203 2199 266 2222 om.
289 2189 348 2232 φὸ
373 2189 434 2223 sed
453 2190 497 2231 cf.
513 2192 568 2223 36.
584 2192 627 2222 29
654 2193 686 2224 et
712 2192 788 2224 188.
812 2193 854 2223 15
931 2193 973 2223 13
1001 2190 1103 2224 sed‘
1108 2201 1153 2224 ne
1183 2190 1297 2225 Kron.
1345 2189 1424 2223 ‘sed

94 2244 139 2267 ne
165 2233 206 2268 E.
303 2239 346 2269 14
379 2235 525 2269 adulter
555 2235 652 2280 quo*
749 2240 791 2270 18
823 2236 894 2271 iste
925 2237 953 2270 F
991 2236 1070 2281 ipse
1097 2239 1156 2280 φδ
1259 2240 1302 2270 22
1335 2247 1432 2270 com-

94 2280 284 2324 paraucrit
308 2282 405 2327 Fcpg
436 2282 527 2317 emit
552 2284 575 2317 ὃ
647 2286 691 2318 28
718 2283 873 2318 afannas
900 2283 995 2328 Ρφδ
1020 2285 1065 2327 cf.
1095 2288 1170 2319 160.
1188 2287 1230 2318 28
1264 2283 1382 2318 asaias
1410 2284 1433 2317 δ

95 2330 139 2360 30
166 2328 324 2362 audacia
348 2331 478 2374 scripsi
516 2330 655 2364 astutia
681 2332 757 2366 cdd.
