1591 2556
572 63 672 98 CAP.
700 63 897 98 VIII—XI·
1319 66 1339 105 1
1349 65 1370 105 7
1379 67 1399 105 1

57 161 162 201 timo
195 161 455 202 miserrimae
486 159 668 200 feminae
700 160 983 201 necessarium
1011 161 1267 202 concesseris
1299 164 1401 202 tem—

57 235 154 274 pus,
187 220 325 274 quoad
356 219 535 260 residuis
568 219 785 260 mensibus
817 219 1002 272 spatium
1040 219 1251 273 reliquum
1291 235 1401 261 com-

57 278 223 333 pleatur
255 278 364 332 anni,
397 293 502 332 quae
529 293 594 319 res
622 292 717 319 cum
743 292 884 318 meum
916 278 1121 332 pudorem
1154 281 1245 318 tum
1273 279 1400 319 etiam

57 340 177 379 tuum
203 337 391 378 salutare
424 337 693 378 commodum
726 337 917 391 respicit,
956 352 1007 378 ne
1040 337 1148 378 forte
1181 337 1399 379 inmaturi-

24 413 40 438 5
61 400 147 437 tate
173 396 419 450 nuptiarum
445 396 736 450 indignatione
763 396 876 436 iusta
895 410 1040 437 manes
1061 396 1234 437 acerbos
1260 397 1403 437 mariti

55 456 106 496 ad
138 455 315 496 exitium
348 454 498 496 salutis
530 458 627 496 tuae
660 455 941 496 suscitemus.'

141 514 190 554 X.
240 513 330 556 Nec
369 514 451 555 isto
491 527 682 555 sermone
721 513 973 568 Thrasyllus
1012 515 1292 556 sobriefactus
1331 515 1400 556 uel

52 573 203 614 saltem
230 576 331 614 tem·
366 573 535 627 [p 141.
556 573 624 627 E]
652 573 818 627 pestiua
843 573 1154 627 pollicitatione
1186 577 1400 614 recreatus

52 632 281 673 identidem
320 632 461 687 pergit
498 632 668 687 linguae
707 632 901 673 lactantis
943 647 1139 673 susurros
1182 633 1399 687 improbos

17 692 297 746 oinurguere,
338 691 477 745 quoad
517 691 767 732 simulanter
806 691 968 732 reuicta
1008 691 1178 733 Charite
1221 692 1401 745 suscipit

9 758 12 780 ¹
52 750 183 792 ‘istud
227 750 421 805 equidem
464 753 575 791 certe
608 764 865 805 magnopere
911 751 1153 805 deprecanti
1197 751 1400 792 concedas

52 824 222 851 necesse
262 812 342 861 est,
380 809 438 850 mi
477 809 717 864 Thrasylle,
750 812 797 850 ut
830 810 1042 850 interdum
1084 810 1203 851 taciti
1236 810 1399 851 clande-

50 869 187 910 stinos
229 869 365 910 coitus
407 869 608 910 obeamus
646 884 723 910 nec
756 869 981 923 quisquam
1020 869 1301 923 persentiscat
1342 869 1398 909 fa-

50 928 294 981 miliarium,
328 928 467 982 quoad
499 928 587 969 dies
613 928 802 982 reliquos
834 928 1057 969 emetiatur
1088 928 1251 969 annus.'

18 1003 33 1029 5
140 986 421 1028 Promissioni
446 987 688 1028 fallaciosae
708 987 899 1028 mulieris
920 1002 1148 1041 oppressus
1169 987 1399 1029 subcubuit

6 1069 8 1076 ι
50 1045 301 1100 Thrasyllus
340 1049 382 1087 et
424 1046 588 1100 prolixe
627 1047 839 1087 consentit
878 1046 927 1087 de
965 1047 1126 1088 furtiuo
1170 1047 1398 1088 concubitu

51 1107 302 1159 noctemque
336 1108 377 1146 et
409 1108 577 1159 opertas
611 1108 785 1159 exoptat
816 1105 930 1146 ultro
963 1106 1178 1159 tenebras,
1211 1120 1294 1146 uno
1327 1120 1397 1159 po-

0 1180 1 1184 *
50 1164 190 1204 tiundi
223 1164 363 1205 studio
396 1167 657 1218 postponens
690 1164 842 1205 omnia.
900 1164 989 1205 ‘sed
1020 1165 1124 1206 heus
1163 1165 1226 1206 tu’
1259 1165 1399 1218 inquit

53 1222 223 1264 Charite
257 1223 399 1277 equarn
437 1223 567 1277 probe
608 1226 727 1264 ueste
760 1226 978 1264 contectus
1011 1224 1211 1278 omnique
1245 1224 1398 1265 comite

15 1299 32 1324 ο
52 1282 253 1323 uiduatus
285 1282 423 1336 prima
454 1282 605 1337 uigilia
631 1283 786 1323 tacitus
818 1282 929 1323 fores
956 1297 1070 1323 meas
1098 1283 1270 1324 accedas
1296 1297 1397 1323 uno-

51 1356 131 1395 que
165 1341 291 1382 sibilo
331 1344 554 1382 contentus
596 1342 806 1382 nutricem
837 1342 964 1382 istam
996 1357 1133 1383 meam
1167 1342 1399 1396 opperiare,

51 1415 157 1454 quae
190 1399 386 1441 claustris
420 1400 650 1441 adhaerens
683 1401 909 1442 excubabit
941 1401 1141 1442 aduentui
1180 1404 1266 1442 tuo.
1321 1416 1397 1442 nec

51 1459 182 1500 setius
209 1459 432 1513 patefactis
460 1460 633 1500 aedibus
660 1462 879 1513 acceptum
906 1462 948 1501 te
973 1460 1090 1501 nullo
1117 1460 1277 1501 lumine
1304 1474 1398 1501 con-

52 1518 138 1559 scio
171 1518 224 1558 ad
255 1533 396 1559 meum
429 1519 631 1572 perducet
663 1519 934 1560 cubiculum.⁹

17 1594 31 1619 5
139 1575 211 1617 XI.
261 1576 429 1618 Placuit
460 1577 684 1632 Thrasyllo
724 1593 874 1619 scaena
910 1578 1107 1619 feralium
1139 1578 1398 1632 nuptiarum.

50 1650 127 1677 nec
159 1636 330 1690 sequius
364 1636 523 1691 aliquid
556 1637 796 1691 suspicatus
829 1637 901 1678 sed
933 1638 1226 1692 expectatione
1265 1637 1397 1678 turbi-

52 1695 129 1735 dus
152 1695 201 1736 de
223 1695 305 1736 diei
331 1698 497 1736 tantum
525 1696 662 1750 spatio
689 1699 731 1737 et
757 1711 957 1750 uesperae
984 1712 1104 1738 mora
1130 1697 1397 1751 querebatur.

52 1754 126 1794 sed
151 1753 225 1795 ubi
265 1753 339 1795 Sol
364 1755 534 1795 tandem
560 1755 676 1796 nocti
703 1755 894 1809 decessit,
921 1771 971 1797 ex
998 1756 1176 1810 imperio
1204 1755 1398 1797 Charites

53 1813 280 1854 adornatus
312 1816 354 1854 et
385 1814 563 1855 nutricis
597 1814 785 1868 captiosa
823 1815 974 1870 uigilia
1006 1815 1205 1869 deceptus
1240 1815 1398 1869 inrepit

0 1887 32 1913 30
52 1872 292 1913 cubiculum
330 1888 489 1927 pronus
529 1873 628 1927 spei.
685 1876 787 1914 tunc
820 1888 924 1915 anus
958 1874 1007 1915 de
1046 1874 1163 1915 iussu
1204 1874 1397 1915 dominae

145 2015 165 2045 3
198 2011 359 2056 annique
386 2013 450 2055 Frp
568 2015 588 2046 9
621 2012 772 2058 linguae
798 2013 976 2048 lactantis
1011 2016 1142 2058 scripsi
1184 2013 1312 2060 lingue
1340 2026 1397 2047 sa-

51 2057 138 2092 tiati
157 2059 221 2103 Fq>
242 2060 316 2104 (sed
334 2061 485 2095 inducta
508 2060 544 2094 iv
567 2060 608 2104 F)
629 2071 693 2094 om.
716 2062 770 2105 &g
796 2061 1000 2095 sauciantis
1021 2063 1131 2107 uulgo
1193 2066 1234 2095 10
1256 2061 1396 2105 quoad]

52 2105 102 2148 qd
127 2105 154 2139 F
187 2118 209 2151 q
236 2120 263 2151 φ
290 2108 334 2150 cf.
357 2111 435 2141 174.
452 2111 494 2141 ⁶22
595 2110 638 2141 14
664 2108 864 2143 emetiatur
888 2109 1018 2153 scripsi
1042 2109 1221 2143 metiatur
1245 2110 1323 2143 cdd.
1351 2111 1396 2150 cf.

52 2175 151 2211 Mus.
178 2176 293 2212 Rhen.
319 2177 428 2212 XLII.
458 2182 524 2212 145
551 2182 583 2212 et
609 2179 654 2222 cf.
683 2183 760 2213 148.
782 2183 825 2213 25
912 2165 1012 2214 annii
1038 2180 1118 2223 F¹q>
1208 2182 1249 2212 19
1277 2178 1397 2212 chari-

52 2247 142 2280 tate·
162 2246 225 2291 qu
341 2252 456 2283 2324
489 2248 636 2283 conscio
668 2249 807 2284 lumine
834 2264 861 2295 φ
894 2251 939 2294 cf.
967 2254 1022 2285 94.
1039 2255 1058 2284 6
1175 2253 1217 2283 28
1252 2251 1288 2283 et
1303 2234 1341 2251 ex
1368 2262 1396 2293 φ

53 2296 97 2326 29
125 2293 343 2329 adhortatus
370 2295 431 2330 Ρδ
458 2296 544 2330 Par.
