<?xml version="1.0" encoding="UTF-8"?>
<!DOCTYPE html PUBLIC "-//W3C//DTD XHTML 1.0 Transitional//EN"
    "http://www.w3.org/TR/xhtml1/DTD/xhtml1-transitional.dtd">
<html xmlns="http://www.w3.org/1999/xhtml" xml:lang="en" lang="en">
 <head>
  <title>
</title>
<meta http-equiv="Content-Type" content="text/html;charset=utf-8" />
  <meta name='ocr-system' content='tesseract 3.04.00' />
  <meta name='ocr-capabilities' content='ocr_page ocr_carea ocr_par ocr_line ocrx_word'/>
</head>
<body>
  <div class='ocr_page' id='page_1' title='image "./metamorphoseonli00apuluoft/metamorphoseonli00apuluoft_0125.png"; bbox 0 0 1591 2556; ppageno 0'>
   <div class='ocr_carea' id='block_1_1' title="bbox 493 49 1387 91">
    <p class='ocr_par' dir='ltr' id='par_1_1' title="bbox 493 49 1387 91">
     <span class='ocr_line' id='line_1_1' title="bbox 493 49 1387 91; baseline 0.008 -7"><span class='ocrx_word' id='word_1_1' title='bbox 493 49 593 84; x_wconf 87' lang='lat' dir='ltr'>CAP.</span> <span class='ocrx_word' id='word_1_2' title='bbox 620 49 940 84; x_wconf 81' lang='lat' dir='ltr'><strong>XXVI—XXVIII</strong></span> <span class='ocrx_word' id='word_1_3' title='bbox 1332 50 1387 91; x_wconf 78' lang='grc'>89</span> 
     </span>
    </p>
   </div>
   <div class='ocr_carea' id='block_1_2' title="bbox 0 144 1396 1618">
    <p class='ocr_par' dir='ltr' id='par_1_2' title="bbox 0 144 1392 850">
     <span class='ocr_line' id='line_1_2' title="bbox 10 144 1388 202; baseline 0.001 -16"><span class='ocrx_word' id='word_1_4' title='bbox 10 196 11 202; x_wconf 16' lang='lat'>¹</span> <span class='ocrx_word' id='word_1_5' title='bbox 135 144 253 186; x_wconf 86' lang='lat' dir='ltr'>Tunc</span> <span class='ocrx_word' id='word_1_6' title='bbox 278 145 448 187; x_wconf 90' lang='lat' dir='ltr'>fletibus</span> <span class='ocrx_word' id='word_1_7' title='bbox 475 145 565 187; x_wconf 86' lang='lat' dir='ltr'>eius</span> <span class='ocrx_word' id='word_1_8' title='bbox 585 145 858 198; x_wconf 87' lang='lat' dir='ltr'>adsuspirans</span> <span class='ocrx_word' id='word_1_9' title='bbox 879 160 984 186; x_wconf 89' lang='lat' dir='ltr'>anus</span> <span class='ocrx_word' id='word_1_10' title='bbox 1005 146 1066 186; x_wconf 88' lang='lat' dir='ltr'>sic</span> <span class='ocrx_word' id='word_1_11' title='bbox 1085 146 1235 200; x_wconf 76' lang='lat' dir='ltr'>incipit</span> <span class='ocrx_word' id='word_1_12' title='bbox 1261 147 1388 189; x_wconf 66' lang='lat' dir='ltr'>‘bono</span> 
     </span>
     <span class='ocr_line' id='line_1_3' title="bbox 9 203 1389 260; baseline 0.002 -15"><span class='ocrx_word' id='word_1_13' title='bbox 9 237 11 250; x_wconf 87' lang='lat'><em>.</em></span> <span class='ocrx_word' id='word_1_14' title='bbox 47 205 188 246; x_wconf 90' lang='lat' dir='ltr'>animo</span> <span class='ocrx_word' id='word_1_15' title='bbox 220 207 324 259; x_wconf 88' lang='lat' dir='ltr'>esto,</span> <span class='ocrx_word' id='word_1_16' title='bbox 355 205 414 245; x_wconf 91' lang='lat' dir='ltr'>mi</span> <span class='ocrx_word' id='word_1_17' title='bbox 446 204 579 258; x_wconf 89' lang='lat' dir='ltr'>erilis,</span> <span class='ocrx_word' id='word_1_18' title='bbox 617 218 694 245; x_wconf 90' lang='lat' dir='ltr'>nec</span> <span class='ocrx_word' id='word_1_19' title='bbox 725 203 846 245; x_wconf 88' lang='lat' dir='ltr'>uanis</span> <span class='ocrx_word' id='word_1_20' title='bbox 879 205 1140 245; x_wconf 86' lang='lat' dir='ltr'>somniorum</span> <span class='ocrx_word' id='word_1_21' title='bbox 1172 206 1389 260; x_wconf 83' lang='lat' dir='ltr'>figmentis</span> 
     </span>
     <span class='ocr_line' id='line_1_4' title="bbox 4 262 1390 320; baseline 0 -15"><span class='ocrx_word' id='word_1_22' title='bbox 4 272 7 296; x_wconf 51' lang='grc' dir='ltr'><strong><em>ἓ</em></strong></span> <span class='ocrx_word' id='word_1_23' title='bbox 46 266 240 305; x_wconf 86' lang='lat' dir='ltr'>terreare.</span> <span class='ocrx_word' id='word_1_24' title='bbox 301 278 399 305; x_wconf 91' lang='lat' dir='ltr'>nam</span> <span class='ocrx_word' id='word_1_25' title='bbox 430 266 597 317; x_wconf 85' lang='lat' dir='ltr'>praeter</span> <span class='ocrx_word' id='word_1_26' title='bbox 629 263 742 317; x_wconf 89' lang='lat' dir='ltr'>quod</span> <span class='ocrx_word' id='word_1_27' title='bbox 780 262 954 304; x_wconf 88' lang='lat' dir='ltr'>diurnae</span> <span class='ocrx_word' id='word_1_28' title='bbox 993 263 1150 317; x_wconf 87' lang='lat' dir='ltr'>quietis</span> <span class='ocrx_word' id='word_1_29' title='bbox 1182 264 1390 320; x_wconf 81' lang='lat' dir='ltr'>imagines</span> 
     </span>
     <span class='ocr_line' id='line_1_5' title="bbox 5 321 1388 377; baseline 0.001 -14"><span class='ocrx_word' id='word_1_30' title='bbox 5 334 6 337; x_wconf 75' lang='grc'>’</span> <span class='ocrx_word' id='word_1_31' title='bbox 47 322 178 364; x_wconf 87' lang='lat' dir='ltr'>falsae</span> <span class='ocrx_word' id='word_1_32' title='bbox 208 322 497 377; x_wconf 74' lang='lat' dir='ltr'>perhibentur,</span> <span class='ocrx_word' id='word_1_33' title='bbox 528 325 630 363; x_wconf 89' lang='lat' dir='ltr'>tunc</span> <span class='ocrx_word' id='word_1_34' title='bbox 662 321 791 363; x_wconf 87' lang='lat' dir='ltr'>etiam</span> <span class='ocrx_word' id='word_1_35' title='bbox 822 324 1054 363; x_wconf 87' lang='lat' dir='ltr'>nocturnae</span> <span class='ocrx_word' id='word_1_36' title='bbox 1080 322 1267 364; x_wconf 90' lang='lat' dir='ltr'>uisiones</span> <span class='ocrx_word' id='word_1_37' title='bbox 1294 338 1388 365; x_wconf 90' lang='lat' dir='ltr'>con-</span> 
     </span>
     <span class='ocr_line' id='line_1_6' title="bbox 13 381 1390 436; baseline 0.001 -13.993"><span class='ocrx_word' id='word_1_38' title='bbox 13 402 25 416; x_wconf 73' lang='lat' dir='ltr'>r</span> <span class='ocrx_word' id='word_1_39' title='bbox 48 382 201 423; x_wconf 86' lang='lat' dir='ltr'>trarios</span> <span class='ocrx_word' id='word_1_40' title='bbox 246 384 422 424; x_wconf 90' lang='lat' dir='ltr'>euentus</span> <span class='ocrx_word' id='word_1_41' title='bbox 466 396 551 423; x_wconf 91' lang='lat' dir='ltr'>non</span> <span class='ocrx_word' id='word_1_42' title='bbox 595 395 812 435; x_wconf 87' lang='lat' dir='ltr'>nunquam</span> <span class='ocrx_word' id='word_1_43' title='bbox 856 381 1146 435; x_wconf 86' lang='lat' dir='ltr'>pronuntiant.</span> <span class='ocrx_word' id='word_1_44' title='bbox 1209 382 1390 436; x_wconf 84' lang='lat' dir='ltr'>denique</span> 
     </span>
     <span class='ocr_line' id='line_1_7' title="bbox 3 440 1390 495; baseline 0.001 -14"><span class='ocrx_word' id='word_1_45' title='bbox 3 451 9 493; x_wconf 60' lang='grc' dir='ltr'>ᾗ</span> <span class='ocrx_word' id='word_1_46' title='bbox 47 441 146 482; x_wconf 86' lang='lat' dir='ltr'>flere</span> <span class='ocrx_word' id='word_1_47' title='bbox 179 443 220 482; x_wconf 91' lang='lat' dir='ltr'>et</span> <span class='ocrx_word' id='word_1_48' title='bbox 251 440 452 495; x_wconf 87' lang='lat' dir='ltr'>uapulare</span> <span class='ocrx_word' id='word_1_49' title='bbox 485 443 528 482; x_wconf 87' lang='lat' dir='ltr'>et</span> <span class='ocrx_word' id='word_1_50' title='bbox 561 440 664 495; x_wconf 89' lang='lat' dir='ltr'>[non</span> <span class='ocrx_word' id='word_1_51' title='bbox 694 440 931 494; x_wconf 85' lang='lat' dir='ltr'>nunquam]</span> <span class='ocrx_word' id='word_1_52' title='bbox 964 440 1149 495; x_wconf 79' lang='lat' dir='ltr'>iugulari</span> <span class='ocrx_word' id='word_1_53' title='bbox 1174 441 1390 482; x_wconf 82' lang='lat' dir='ltr'>lucrosum</span> 
     </span>
     <span class='ocr_line' id='line_1_8' title="bbox 2 499 1392 554; baseline 0 -13"><span class='ocrx_word' id='word_1_54' title='bbox 2 511 9 547; x_wconf 59' lang='lat'>2}</span> <span class='ocrx_word' id='word_1_55' title='bbox 47 514 381 554; x_wconf 82' lang='lat' dir='ltr'>prosperumque</span> <span class='ocrx_word' id='word_1_56' title='bbox 424 502 679 553; x_wconf 88' lang='lat' dir='ltr'>prouentum</span> <span class='ocrx_word' id='word_1_57' title='bbox 721 499 938 554; x_wconf 89' lang='lat' dir='ltr'>nuntiant,</span> <span class='ocrx_word' id='word_1_58' title='bbox 981 502 1129 541; x_wconf 88' lang='lat' dir='ltr'>contra</span> <span class='ocrx_word' id='word_1_59' title='bbox 1168 500 1305 541; x_wconf 87' lang='lat' dir='ltr'>ridere</span> <span class='ocrx_word' id='word_1_60' title='bbox 1350 504 1392 541; x_wconf 87' lang='lat' dir='ltr'>et</span> 
     </span>
     <span class='ocr_line' id='line_1_9' title="bbox 2 558 1391 613; baseline 0.001 -14"><span class='ocrx_word' id='word_1_61' title='bbox 2 585 8 607; x_wconf 43' lang='lat'><em>4</em></span> <span class='ocrx_word' id='word_1_62' title='bbox 47 558 221 600; x_wconf 89' lang='lat' dir='ltr'>mellitis</span> <span class='ocrx_word' id='word_1_63' title='bbox 253 558 448 600; x_wconf 81' lang='lat' dir='ltr'>dulciolis</span> <span class='ocrx_word' id='word_1_64' title='bbox 480 561 672 600; x_wconf 88' lang='lat' dir='ltr'>uentrem</span> <span class='ocrx_word' id='word_1_65' title='bbox 710 558 903 613; x_wconf 82' lang='lat' dir='ltr'>saginare</span> <span class='ocrx_word' id='word_1_66' title='bbox 941 558 1010 600; x_wconf 91' lang='lat' dir='ltr'>uel</span> <span class='ocrx_word' id='word_1_67' title='bbox 1050 559 1095 600; x_wconf 87' lang='lat' dir='ltr'>in</span> <span class='ocrx_word' id='word_1_68' title='bbox 1125 559 1391 613; x_wconf 88' lang='lat' dir='ltr'>uoluptatem</span> 
     </span>
     <span class='ocr_line' id='line_1_10' title="bbox 3 618 1391 673; baseline 0 -15"><span class='ocrx_word' id='word_1_69' title='bbox 3 642 5 646; x_wconf 39' lang='grc' dir='ltr'><em>ν</em></span> <span class='ocrx_word' id='word_1_70' title='bbox 47 618 262 659; x_wconf 81' lang='lat' dir='ltr'>ueneriam</span> <span class='ocrx_word' id='word_1_71' title='bbox 301 619 544 672; x_wconf 88' lang='lat' dir='ltr'>conuenire,</span> <span class='ocrx_word' id='word_1_72' title='bbox 582 618 757 660; x_wconf 72' lang='lat' dir='ltr'>tristitie</span> <span class='ocrx_word' id='word_1_73' title='bbox 796 618 925 659; x_wconf 90' lang='lat' dir='ltr'>animi</span> <span class='ocrx_word' id='word_1_74' title='bbox 963 618 1160 673; x_wconf 77' lang='lat' dir='ltr'>languori</span> <span class='ocrx_word' id='word_1_75' title='bbox 1201 618 1391 673; x_wconf 88' lang='lat' dir='ltr'>corporis</span> 
     </span>
     <span class='ocr_line' id='line_1_11' title="bbox 6 676 1392 732; baseline 0.001 -15"><span class='ocrx_word' id='word_1_76' title='bbox 6 691 7 722; x_wconf 78' lang='lat' dir='ltr'><strong>j</strong></span> <span class='ocrx_word' id='word_1_77' title='bbox 49 676 297 731; x_wconf 81' lang='lat' dir='ltr'>damnisque</span> <span class='ocrx_word' id='word_1_78' title='bbox 329 677 480 719; x_wconf 87' lang='lat' dir='ltr'>ceteris</span> <span class='ocrx_word' id='word_1_79' title='bbox 513 677 729 718; x_wconf 81' lang='lat' dir='ltr'>anxiatum</span> <span class='ocrx_word' id='word_1_80' title='bbox 762 677 814 718; x_wconf 90' lang='lat' dir='ltr'>iri</span> <span class='ocrx_word' id='word_1_81' title='bbox 846 677 1096 731; x_wconf 70' lang='lat' dir='ltr'>praedicant.</span> <span class='ocrx_word' id='word_1_82' title='bbox 1145 677 1218 719; x_wconf 89' lang='lat' dir='ltr'>sed</span> <span class='ocrx_word' id='word_1_83' title='bbox 1244 691 1323 732; x_wconf 83' lang='lat' dir='ltr'>ego</span> <span class='ocrx_word' id='word_1_84' title='bbox 1349 680 1392 718; x_wconf 88' lang='lat' dir='ltr'>te</span> 
     </span>
     <span class='ocr_line' id='line_1_12' title="bbox 0 736 1391 790; baseline -0.001 -10"><span class='ocrx_word' id='word_1_85' title='bbox 0 767 1 780; x_wconf 34' lang='lat'>¹</span> <span class='ocrx_word' id='word_1_86' title='bbox 49 736 364 778; x_wconf 82' lang='lat' dir='ltr'>narrationibus</span> <span class='ocrx_word' id='word_1_87' title='bbox 395 736 548 790; x_wconf 87' lang='lat' dir='ltr'>lepidis</span> <span class='ocrx_word' id='word_1_88' title='bbox 581 736 849 790; x_wconf 82' lang='lat' dir='ltr'>anilibusque</span> <span class='ocrx_word' id='word_1_89' title='bbox 879 736 1035 777; x_wconf 86' lang='lat' dir='ltr'>fabulis</span> <span class='ocrx_word' id='word_1_90' title='bbox 1067 737 1263 790; x_wconf 86' lang='lat' dir='ltr'>protinus</span> <span class='ocrx_word' id='word_1_91' title='bbox 1296 751 1391 778; x_wconf 87' lang='lat' dir='ltr'>auo-</span> 
     </span>
     <span class='ocr_line' id='line_1_13' title="bbox 0 795 427 850; baseline 0 -14"><span class='ocrx_word' id='word_1_92' title='bbox 0 800 1 805; x_wconf 77' lang='grc'>’</span> <span class='ocrx_word' id='word_1_93' title='bbox 49 795 168 837; x_wconf 91' lang='lat' dir='ltr'>cabo&#39;</span> <span class='ocrx_word' id='word_1_94' title='bbox 200 798 242 836; x_wconf 89' lang='lat' dir='ltr'>et</span> <span class='ocrx_word' id='word_1_95' title='bbox 273 796 427 850; x_wconf 84' lang='lat' dir='ltr'>incipit</span> 
     </span>
    </p>

    <p class='ocr_par' dir='ltr' id='par_1_3' title="bbox 0 853 1396 1618">
     <span class='ocr_line' id='line_1_14' title="bbox 136 853 1394 910; baseline -0.001 -14"><span class='ocrx_word' id='word_1_96' title='bbox 136 853 335 896; x_wconf 89' lang='lat' dir='ltr'><strong>XXVIII.</strong></span> <span class='ocrx_word' id='word_1_97' title='bbox 381 854 531 895; x_wconf 72' lang='lat' dir='ltr'>‘Erant</span> <span class='ocrx_word' id='word_1_98' title='bbox 562 855 606 895; x_wconf 92' lang='lat' dir='ltr'>in</span> <span class='ocrx_word' id='word_1_99' title='bbox 638 854 819 908; x_wconf 88' lang='lat' dir='ltr'>quadam</span> <span class='ocrx_word' id='word_1_100' title='bbox 852 855 1025 896; x_wconf 88' lang='lat' dir='ltr'>ciuitate</span> <span class='ocrx_word' id='word_1_101' title='bbox 1057 870 1131 896; x_wconf 86' lang='lat' dir='ltr'>rex</span> <span class='ocrx_word' id='word_1_102' title='bbox 1162 857 1204 896; x_wconf 93' lang='lat' dir='ltr'>et</span> <span class='ocrx_word' id='word_1_103' title='bbox 1234 855 1394 910; x_wconf 83' lang='lat' dir='ltr'>regina.</span> 
     </span>
     <span class='ocr_line' id='line_1_15' title="bbox 3 912 1392 968; baseline 0.001 -14"><span class='ocrx_word' id='word_1_104' title='bbox 3 923 5 926; x_wconf 87' lang='grc'><strong>’</strong></span> <span class='ocrx_word' id='word_1_105' title='bbox 48 912 93 954; x_wconf 88' lang='lat' dir='ltr'>hi</span> <span class='ocrx_word' id='word_1_106' title='bbox 131 916 216 955; x_wconf 90' lang='lat' dir='ltr'>tres</span> <span class='ocrx_word' id='word_1_107' title='bbox 254 928 430 955; x_wconf 89' lang='lat' dir='ltr'>numero</span> <span class='ocrx_word' id='word_1_108' title='bbox 474 914 584 955; x_wconf 89' lang='lat' dir='ltr'>filias</span> <span class='ocrx_word' id='word_1_109' title='bbox 628 914 766 954; x_wconf 85' lang='lat' dir='ltr'>forma</span> <span class='ocrx_word' id='word_1_110' title='bbox 808 914 1058 968; x_wconf 90' lang='lat' dir='ltr'>conspicuas</span> <span class='ocrx_word' id='word_1_111' title='bbox 1088 913 1286 967; x_wconf 83' lang='lat' dir='ltr'>habuere,</span> <span class='ocrx_word' id='word_1_112' title='bbox 1318 914 1392 955; x_wconf 87' lang='lat' dir='ltr'>sed</span> 
     </span>
     <span class='ocr_line' id='line_1_16' title="bbox 48 972 1393 1028; baseline 0.001 -15"><span class='ocrx_word' id='word_1_113' title='bbox 48 972 229 1014; x_wconf 89' lang='lat' dir='ltr'>maiores</span> <span class='ocrx_word' id='word_1_114' title='bbox 255 973 425 1027; x_wconf 89' lang='lat' dir='ltr'>quidem</span> <span class='ocrx_word' id='word_1_115' title='bbox 452 976 555 1014; x_wconf 90' lang='lat' dir='ltr'>natu</span> <span class='ocrx_word' id='word_1_116' title='bbox 581 973 777 1027; x_wconf 90' lang='lat' dir='ltr'>quamuis</span> <span class='ocrx_word' id='word_1_117' title='bbox 804 973 1048 1028; x_wconf 80' lang='lat' dir='ltr'>gratissima</span> <span class='ocrx_word' id='word_1_118' title='bbox 1068 973 1218 1027; x_wconf 86' lang='lat' dir='ltr'>specie,</span> <span class='ocrx_word' id='word_1_119' title='bbox 1244 973 1393 1014; x_wconf 89' lang='lat' dir='ltr'>idonee</span> 
     </span>
     <span class='ocr_line' id='line_1_17' title="bbox 4 1032 1395 1086; baseline 0.001 -16"><span class='ocrx_word' id='word_1_120' title='bbox 4 1066 5 1069; x_wconf 73' lang='grc'>,</span> <span class='ocrx_word' id='word_1_121' title='bbox 49 1034 189 1074; x_wconf 89' lang='lat' dir='ltr'>tamen</span> <span class='ocrx_word' id='word_1_122' title='bbox 227 1032 431 1073; x_wconf 87' lang='lat' dir='ltr'>celebrari</span> <span class='ocrx_word' id='word_1_123' title='bbox 469 1047 593 1086; x_wconf 89' lang='lat' dir='ltr'>posse</span> <span class='ocrx_word' id='word_1_124' title='bbox 629 1032 827 1074; x_wconf 84' lang='lat' dir='ltr'>laudibus</span> <span class='ocrx_word' id='word_1_125' title='bbox 866 1032 1064 1073; x_wconf 91' lang='lat' dir='ltr'>humanis</span> <span class='ocrx_word' id='word_1_126' title='bbox 1103 1032 1395 1085; x_wconf 74' lang='lat' dir='ltr'>credebantur,</span> 
     </span>
     <span class='ocr_line' id='line_1_18' title="bbox 4 1091 1395 1145; baseline 0.001 -14"><span class='ocrx_word' id='word_1_127' title='bbox 4 1101 5 1105; x_wconf 75' lang='grc'>’</span> <span class='ocrx_word' id='word_1_128' title='bbox 50 1093 92 1132; x_wconf 89' lang='lat' dir='ltr'>at</span> <span class='ocrx_word' id='word_1_129' title='bbox 123 1105 224 1132; x_wconf 90' lang='lat' dir='ltr'>uero</span> <span class='ocrx_word' id='word_1_130' title='bbox 256 1091 424 1145; x_wconf 88' lang='lat' dir='ltr'>puellae</span> <span class='ocrx_word' id='word_1_131' title='bbox 455 1091 633 1132; x_wconf 86' lang='lat' dir='ltr'>iunioris</span> <span class='ocrx_word' id='word_1_132' title='bbox 672 1094 759 1132; x_wconf 88' lang='lat' dir='ltr'>tam</span> <span class='ocrx_word' id='word_1_133' title='bbox 797 1092 1024 1145; x_wconf 87' lang='lat' dir='ltr'>praecipua</span> <span class='ocrx_word' id='word_1_134' title='bbox 1061 1094 1148 1132; x_wconf 88' lang='lat' dir='ltr'>tam</span> <span class='ocrx_word' id='word_1_135' title='bbox 1180 1091 1395 1145; x_wconf 89' lang='lat' dir='ltr'>praeclara</span> 
     </span>
     <span class='ocr_line' id='line_1_19' title="bbox 3 1149 1395 1205; baseline 0 -14"><span class='ocrx_word' id='word_1_136' title='bbox 3 1160 4 1165; x_wconf 77' lang='grc'>’</span> <span class='ocrx_word' id='word_1_137' title='bbox 48 1149 321 1203; x_wconf 81' lang='lat' dir='ltr'>pulchritudo</span> <span class='ocrx_word' id='word_1_138' title='bbox 354 1165 430 1192; x_wconf 89' lang='lat' dir='ltr'>nec</span> <span class='ocrx_word' id='word_1_139' title='bbox 463 1150 642 1204; x_wconf 82' lang='lat' dir='ltr'>exprimi</span> <span class='ocrx_word' id='word_1_140' title='bbox 670 1165 716 1191; x_wconf 84' lang='lat' dir='ltr'>ac</span> <span class='ocrx_word' id='word_1_141' title='bbox 742 1165 793 1191; x_wconf 87' lang='lat' dir='ltr'>ne</span> <span class='ocrx_word' id='word_1_142' title='bbox 820 1150 1079 1192; x_wconf 81' lang='lat' dir='ltr'>sufficienter</span> <span class='ocrx_word' id='word_1_143' title='bbox 1105 1150 1275 1205; x_wconf 88' lang='lat' dir='ltr'>quidem</span> <span class='ocrx_word' id='word_1_144' title='bbox 1308 1150 1395 1191; x_wconf 89' lang='lat' dir='ltr'>lau-</span> 
     </span>
     <span class='ocr_line' id='line_1_20' title="bbox 50 1209 1394 1275; baseline -0.001 -24"><span class='ocrx_word' id='word_1_145' title='bbox 50 1209 139 1251; x_wconf 85' lang='lat' dir='ltr'>dari</span> <span class='ocrx_word' id='word_1_146' title='bbox 171 1209 377 1251; x_wconf 90' lang='lat' dir='ltr'>sermonis</span> <span class='ocrx_word' id='word_1_147' title='bbox 408 1209 584 1251; x_wconf 87' lang='lat' dir='ltr'>humani</span> <span class='ocrx_word' id='word_1_148' title='bbox 616 1209 792 1263; x_wconf 88' lang='lat' dir='ltr'>penuria</span> <span class='ocrx_word' id='word_1_149' title='bbox 823 1212 1000 1263; x_wconf 89' lang='lat' dir='ltr'>poterat.</span> <span class='ocrx_word' id='word_1_150' title='bbox 1055 1209 1179 1250; x_wconf 90' lang='lat' dir='ltr'>multi</span> <span class='ocrx_word' id='word_1_151' title='bbox 1214 1209 1394 1275; x_wconf 80' lang='lat' dir='ltr'>denique</span> 
     </span>
     <span class='ocr_line' id='line_1_21' title="bbox 51 1267 1394 1323; baseline 0.001 -15"><span class='ocrx_word' id='word_1_152' title='bbox 51 1268 108 1322; x_wconf 88' lang='lat' dir='ltr'>[p.</span> <span class='ocrx_word' id='word_1_153' title='bbox 127 1268 192 1309; x_wconf 82' lang='lat'>74.</span> <span class='ocrx_word' id='word_1_154' title='bbox 205 1267 275 1322; x_wconf 89' lang='grc' dir='ltr'>Ε.]</span> <span class='ocrx_word' id='word_1_155' title='bbox 308 1268 466 1310; x_wconf 85' lang='lat' dir='ltr'>ciuium</span> <span class='ocrx_word' id='word_1_156' title='bbox 499 1272 540 1310; x_wconf 91' lang='lat' dir='ltr'>et</span> <span class='ocrx_word' id='word_1_157' title='bbox 572 1268 756 1309; x_wconf 88' lang='lat' dir='ltr'>aduenae</span> <span class='ocrx_word' id='word_1_158' title='bbox 788 1269 961 1322; x_wconf 82' lang='lat' dir='ltr'>copiosi,</span> <span class='ocrx_word' id='word_1_159' title='bbox 994 1283 1100 1323; x_wconf 90' lang='lat' dir='ltr'>quos</span> <span class='ocrx_word' id='word_1_160' title='bbox 1133 1268 1279 1309; x_wconf 79' lang='lat' dir='ltr'>eximii</span> <span class='ocrx_word' id='word_1_161' title='bbox 1305 1283 1394 1322; x_wconf 88' lang='lat' dir='ltr'>spe-</span> 
     </span>
     <span class='ocr_line' id='line_1_22' title="bbox 49 1327 1395 1383; baseline 0 -15"><span class='ocrx_word' id='word_1_162' title='bbox 49 1327 204 1368; x_wconf 89' lang='lat' dir='ltr'>ctaculi</span> <span class='ocrx_word' id='word_1_163' title='bbox 229 1342 374 1383; x_wconf 76' lang='lat' dir='ltr'>rumor</span> <span class='ocrx_word' id='word_1_164' title='bbox 399 1327 590 1383; x_wconf 84' lang='lat' dir='ltr'>studiosa</span> <span class='ocrx_word' id='word_1_165' title='bbox 615 1327 859 1380; x_wconf 86' lang='lat' dir='ltr'>celebritate</span> <span class='ocrx_word' id='word_1_166' title='bbox 886 1328 1183 1382; x_wconf 80' lang='lat' dir='ltr'>congregabat,</span> <span class='ocrx_word' id='word_1_167' title='bbox 1215 1328 1395 1369; x_wconf 85' lang='lat' dir='ltr'>inacces-</span> 
     </span>
     <span class='ocr_line' id='line_1_23' title="bbox 49 1376 1395 1440; baseline 0 -13"><span class='ocrx_word' id='word_1_168' title='bbox 49 1400 119 1427; x_wconf 87' lang='lat' dir='ltr'>sae</span> <span class='ocrx_word' id='word_1_169' title='bbox 157 1376 482 1427; x_wconf 80' lang='lat' dir='ltr'>formonsitatis</span> <span class='ocrx_word' id='word_1_170' title='bbox 488 1378 784 1427; x_wconf 82' lang='lat' dir='ltr'>admiratione</span> <span class='ocrx_word' id='word_1_171' title='bbox 829 1387 989 1440; x_wconf 86' lang='lat' dir='ltr'>stupidi</span> <span class='ocrx_word' id='word_1_172' title='bbox 1032 1390 1074 1427; x_wconf 90' lang='lat' dir='ltr'>et</span> <span class='ocrx_word' id='word_1_173' title='bbox 1121 1387 1395 1427; x_wconf 90' lang='lat' dir='ltr'>admouentes</span> 
     </span>
     <span class='ocr_line' id='line_1_24' title="bbox 1 1444 1394 1511; baseline 0 -26"><span class='ocrx_word' id='word_1_174' title='bbox 1 1448 2 1453; x_wconf 76' lang='grc'>’</span> <span class='ocrx_word' id='word_1_175' title='bbox 50 1444 194 1486; x_wconf 89' lang='lat' dir='ltr'>oribus</span> <span class='ocrx_word' id='word_1_176' title='bbox 226 1445 315 1486; x_wconf 90' lang='lat' dir='ltr'>suis</span> <span class='ocrx_word' id='word_1_177' title='bbox 347 1445 564 1487; x_wconf 82' lang='lat' dir='ltr'>dexteram</span> <span class='ocrx_word' id='word_1_178' title='bbox 595 1445 780 1511; x_wconf 82' lang='lat' dir='ltr'>primore</span> <span class='ocrx_word' id='word_1_179' title='bbox 813 1445 947 1500; x_wconf 82' lang='lat' dir='ltr'>digito</span> <span class='ocrx_word' id='word_1_180' title='bbox 988 1446 1031 1486; x_wconf 92' lang='lat' dir='ltr'>in</span> <span class='ocrx_word' id='word_1_181' title='bbox 1076 1449 1262 1487; x_wconf 85' lang='lat' dir='ltr'>erectum</span> <span class='ocrx_word' id='word_1_182' title='bbox 1306 1445 1394 1499; x_wconf 87' lang='lat' dir='ltr'>pol-</span> 
     </span>
     <span class='ocr_line' id='line_1_25' title="bbox 1 1503 1394 1558; baseline -0.001 -13"><span class='ocrx_word' id='word_1_183' title='bbox 1 1516 2 1551; x_wconf 67' lang='lat'><em>}</em></span> <span class='ocrx_word' id='word_1_184' title='bbox 49 1504 173 1546; x_wconf 90' lang='lat' dir='ltr'>licem</span> <span class='ocrx_word' id='word_1_185' title='bbox 222 1504 450 1558; x_wconf 78' lang='lat' dir='ltr'>residente,</span> <span class='ocrx_word' id='word_1_186' title='bbox 498 1507 546 1545; x_wconf 91' lang='lat' dir='ltr'>ut</span> <span class='ocrx_word' id='word_1_187' title='bbox 595 1504 731 1558; x_wconf 88' lang='lat' dir='ltr'>ipsam</span> <span class='ocrx_word' id='word_1_188' title='bbox 782 1519 956 1558; x_wconf 89' lang='lat' dir='ltr'>prorsus</span> <span class='ocrx_word' id='word_1_189' title='bbox 1013 1504 1133 1546; x_wconf 88' lang='lat' dir='ltr'>deam</span> <span class='ocrx_word' id='word_1_190' title='bbox 1183 1503 1394 1546; x_wconf 87' lang='lat' dir='ltr'>Venerem</span> 
     </span>
     <span class='ocr_line' id='line_1_26' title="bbox 0 1562 1396 1618; baseline -0.001 -14"><span class='ocrx_word' id='word_1_191' title='bbox 0 1580 30 1598; x_wconf 54' lang='lat' dir='ltr'>ff</span> <span class='ocrx_word' id='word_1_192' title='bbox 51 1562 262 1618; x_wconf 85' lang='lat' dir='ltr'>religiosis</span> <span class='ocrx_word' id='word_1_193' title='bbox 289 1563 607 1605; x_wconf 85' lang='lat' dir='ltr'>adorationibus</span> <span class='ocrx_word' id='word_1_194' title='bbox 631 1564 944 1606; x_wconf 60' lang='lat' dir='ltr'>macerabantur.</span> <span class='ocrx_word' id='word_1_195' title='bbox 984 1565 1152 1618; x_wconf 85' lang='lat' dir='ltr'>iamque</span> <span class='ocrx_word' id='word_1_196' title='bbox 1179 1564 1396 1618; x_wconf 82' lang='lat' dir='ltr'>proximas</span> 
     </span>
    </p>
   </div>
   <div class='ocr_carea' id='block_1_3' title="bbox 0 0 44 1622">
    <p class='ocr_par' dir='ltr' id='par_1_4' title="bbox 0 0 44 1622">
     <span class='ocr_line' id='line_1_27' title="bbox 0 0 44 1622; baseline 0 0"><span class='ocrx_word' id='word_1_197' title='bbox 0 0 44 1622; x_wconf 95' lang='lat' dir='ltr'> </span> 
     </span>
    </p>
   </div>
   <div class='ocr_carea' id='block_1_4' title="bbox 51 1691 1400 1830">
    <p class='ocr_par' dir='ltr' id='par_1_5' title="bbox 51 1691 1400 1830">
     <span class='ocr_line' id='line_1_28' title="bbox 157 1691 1400 1744; baseline -0.001 -18.949"><span class='ocrx_word' id='word_1_198' title='bbox 157 1691 309 1744; x_wconf 80' lang='lat' dir='ltr'>6[non</span> <span class='ocrx_word' id='word_1_199' title='bbox 338 1691 544 1744; x_wconf 82' lang='lat' dir='ltr'>nunquam]</span> <span class='ocrx_word' id='word_1_200' title='bbox 583 1693 764 1736; x_wconf 71' lang='lat' dir='ltr'>eoepzmoec‘,</span> <span class='ocrx_word' id='word_1_201' title='bbox 801 1693 1050 1737; x_wconf 68' lang='lat' dir='ltr'>dittoyoaphza</span> <span class='ocrx_word' id='word_1_202' title='bbox 1087 1693 1235 1727; x_wconf 72' lang='lat' dir='ltr'>uidetur</span> <span class='ocrx_word' id='word_1_203' title='bbox 1271 1702 1400 1726; x_wconf 60' lang='grc' dir='ltr'>τιεφετκ</span> 
     </span>
     <span class='ocr_line' id='line_1_29' title="bbox 51 1737 1397 1784; baseline -0.001 -12"><span class='ocrx_word' id='word_1_204' title='bbox 51 1738 247 1782; x_wconf 75' lang='lat' dir='ltr'>superioris</span> <span class='ocrx_word' id='word_1_205' title='bbox 355 1741 375 1772; x_wconf 87' lang='grc'>9</span> <span class='ocrx_word' id='word_1_206' title='bbox 406 1738 561 1774; x_wconf 74' lang='lat' dir='ltr'>tristitie</span> <span class='ocrx_word' id='word_1_207' title='bbox 595 1739 622 1772; x_wconf 83' lang='lat' dir='ltr'><strong>F</strong></span> <span class='ocrx_word' id='word_1_208' title='bbox 724 1738 896 1784; x_wconf 85' lang='lat' dir='ltr'>languori</span> <span class='ocrx_word' id='word_1_209' title='bbox 922 1739 950 1772; x_wconf 82' lang='lat' dir='ltr'><strong>F</strong></span> <span class='ocrx_word' id='word_1_210' title='bbox 993 1739 1139 1784; x_wconf 86' lang='lat' dir='ltr'>langori</span> <span class='ocrx_word' id='word_1_211' title='bbox 1166 1752 1194 1783; x_wconf 85' lang='grc' dir='ltr'>φ</span> <span class='ocrx_word' id='word_1_212' title='bbox 1238 1737 1397 1773; x_wconf 83' lang='lat' dir='ltr'>tristicie</span> 
     </span>
     <span class='ocr_line' id='line_1_30' title="bbox 52 1785 1399 1830; baseline 0 -11"><span class='ocrx_word' id='word_1_213' title='bbox 52 1796 135 1819; x_wconf 88' lang='lat' dir='ltr'>cum</span> <span class='ocrx_word' id='word_1_214' title='bbox 165 1785 313 1830; x_wconf 84' lang='lat' dir='ltr'>langori</span> <span class='ocrx_word' id='word_1_215' title='bbox 345 1787 367 1820; x_wconf 77' lang='grc' dir='ltr'>ἃ</span> <span class='ocrx_word' id='word_1_216' title='bbox 488 1789 531 1820; x_wconf 91' lang='grc'>10</span> <span class='ocrx_word' id='word_1_217' title='bbox 564 1785 763 1830; x_wconf 87' lang='lat' dir='ltr'>damnique</span> <span class='ocrx_word' id='word_1_218' title='bbox 790 1785 921 1821; x_wconf 73' lang='lat' dir='ltr'>ceteris</span> <span class='ocrx_word' id='word_1_219' title='bbox 948 1788 989 1820; x_wconf 67' lang='lat' dir='ltr'>ut</span> <span class='ocrx_word' id='word_1_220' title='bbox 1015 1786 1042 1819; x_wconf 79' lang='lat' dir='ltr'><strong>F</strong></span> <span class='ocrx_word' id='word_1_221' title='bbox 1087 1785 1313 1830; x_wconf 84' lang='lat' dir='ltr'>dampnique</span> <span class='ocrx_word' id='word_1_222' title='bbox 1339 1796 1399 1819; x_wconf 81' lang='lat' dir='ltr'>ce-</span> 
     </span>
    </p>
   </div>
   <div class='ocr_carea' id='block_1_5' title="bbox 0 1842 1400 2325">
    <p class='ocr_par' dir='ltr' id='par_1_6' title="bbox 0 1842 1400 2325">
     <span class='ocr_line' id='line_1_31' title="bbox 51 1842 1396 1902; baseline 0.001 -13"><span class='ocrx_word' id='word_1_223' title='bbox 51 1855 123 1890; x_wconf 86' lang='lat' dir='ltr'>teri</span> <span class='ocrx_word' id='word_1_224' title='bbox 147 1858 163 1889; x_wconf 75' lang='grc' dir='ltr'>Ϊ</span> <span class='ocrx_word' id='word_1_225' title='bbox 189 1869 216 1900; x_wconf 87' lang='grc' dir='ltr'>φ</span> <span class='ocrx_word' id='word_1_226' title='bbox 290 1855 482 1890; x_wconf 79' lang='lat' dir='ltr'>anxiatum</span> <span class='ocrx_word' id='word_1_227' title='bbox 507 1857 617 1902; x_wconf 71' lang='lat' dir='ltr'>uulyo</span> <span class='ocrx_word' id='word_1_228' title='bbox 653 1842 765 1890; x_wconf 67' lang='lat' dir='ltr'>aX1tu</span> <span class='ocrx_word' id='word_1_229' title='bbox 791 1856 817 1901; x_wconf 89' lang='lat' dir='ltr'>(i</span> <span class='ocrx_word' id='word_1_230' title='bbox 843 1862 915 1892; x_wconf 62' lang='lat' dir='ltr'>et*</span> <span class='ocrx_word' id='word_1_231' title='bbox 935 1858 1019 1892; x_wconf 78' lang='lat' dir='ltr'>‹1ch</span> <span class='ocrx_word' id='word_1_232' title='bbox 1040 1869 1084 1891; x_wconf 81' lang='lat' dir='ltr'>m.</span> <span class='ocrx_word' id='word_1_233' title='bbox 1104 1861 1149 1894; x_wconf 61' lang='lat' dir='ltr'>r&gt;</span> <span class='ocrx_word' id='word_1_234' title='bbox 1175 1856 1202 1890; x_wconf 83' lang='lat' dir='ltr'><strong>F</strong></span> <span class='ocrx_word' id='word_1_235' title='bbox 1229 1858 1342 1890; x_wconf 71' lang='lat' dir='ltr'>axatsi</span> <span class='ocrx_word' id='word_1_236' title='bbox 1369 1869 1396 1899; x_wconf 84' lang='grc' dir='ltr'>φ</span> 
     </span>
     <span class='ocr_line' id='line_1_32' title="bbox 53 1902 1398 1949; baseline -0.001 -12"><span class='ocrx_word' id='word_1_237' title='bbox 53 1902 282 1937; x_wconf 83' lang='lat' dir='ltr'>delassatum</span> <span class='ocrx_word' id='word_1_238' title='bbox 301 1903 403 1948; x_wconf 72' lang='lat' dir='ltr'>Lips.</span> <span class='ocrx_word' id='word_1_239' title='bbox 425 1904 543 1947; x_wconf 69' lang='lat' dir='ltr'>Luetj.</span> <span class='ocrx_word' id='word_1_240' title='bbox 571 1905 641 1947; x_wconf 77' lang='lat' dir='ltr'>(uel</span> <span class='ocrx_word' id='word_1_241' title='bbox 665 1903 860 1949; x_wconf 88' lang='lat' dir='ltr'>lassatum)</span> <span class='ocrx_word' id='word_1_242' title='bbox 886 1906 1063 1938; x_wconf 84' lang='lat' dir='ltr'>uexatum</span> <span class='ocrx_word' id='word_1_243' title='bbox 1088 1904 1259 1939; x_wconf 80' lang='lat' dir='ltr'>Beroald.</span> <span class='ocrx_word' id='word_1_244' title='bbox 1292 1905 1398 1937; x_wconf 82' lang='lat' dir='ltr'>taxa-</span> 
     </span>
     <span class='ocr_line' id='line_1_33' title="bbox 53 1950 1398 1996; baseline 0 -12"><span class='ocrx_word' id='word_1_245' title='bbox 53 1951 133 1984; x_wconf 89' lang='lat' dir='ltr'>tum</span> <span class='ocrx_word' id='word_1_246' title='bbox 157 1950 284 1985; x_wconf 76' lang='lat' dir='ltr'>Rohde</span> <span class='ocrx_word' id='word_1_247' title='bbox 378 1950 598 1995; x_wconf 89' lang='lat' dir='ltr'>praedicant</span> <span class='ocrx_word' id='word_1_248' title='bbox 624 1964 650 1994; x_wconf 86' lang='grc' dir='ltr'>φ</span> <span class='ocrx_word' id='word_1_249' title='bbox 672 1951 775 1986; x_wconf 68' lang='lat' dir='ltr'>Hild.</span> <span class='ocrx_word' id='word_1_250' title='bbox 808 1951 1081 1996; x_wconf 87' lang='lat' dir='ltr'>praedicabant</span> <span class='ocrx_word' id='word_1_251' title='bbox 1105 1951 1132 1985; x_wconf 83' lang='lat' dir='ltr'><strong>F</strong></span> <span class='ocrx_word' id='word_1_252' title='bbox 1147 1951 1187 1985; x_wconf 83' lang='lat' dir='ltr'>E.</span> <span class='ocrx_word' id='word_1_253' title='bbox 1214 1952 1259 1994; x_wconf 77' lang='lat' dir='ltr'>cf.</span> <span class='ocrx_word' id='word_1_254' title='bbox 1282 1955 1336 1985; x_wconf 76' lang='lat'>59.</span> <span class='ocrx_word' id='word_1_255' title='bbox 1354 1954 1398 1984; x_wconf 78' lang='lat'>20</span> 
     </span>
     <span class='ocr_line' id='line_1_34' title="bbox 52 1997 1399 2044; baseline 0 -13"><span class='ocrx_word' id='word_1_256' title='bbox 52 1997 273 2041; x_wconf 81' lang='lat' dir='ltr'>praedicunt</span> <span class='ocrx_word' id='word_1_257' title='bbox 299 1999 321 2032; x_wconf 84' lang='grc' dir='ltr'><em>δ</em></span> <span class='ocrx_word' id='word_1_258' title='bbox 419 2001 530 2033; x_wconf 87' lang='lat'>10.11</span> <span class='ocrx_word' id='word_1_259' title='bbox 558 1999 596 2031; x_wconf 89' lang='lat' dir='ltr'>te</span> <span class='ocrx_word' id='word_1_260' title='bbox 621 1998 899 2033; x_wconf 84' lang='lat' dir='ltr'>narrationibus</span> <span class='ocrx_word' id='word_1_261' title='bbox 926 2010 1049 2044; x_wconf 61' lang='lat' dir='ltr'>margo</span> <span class='ocrx_word' id='word_1_262' title='bbox 1076 2012 1103 2042; x_wconf 85' lang='grc' dir='ltr'>φ</span> <span class='ocrx_word' id='word_1_263' title='bbox 1129 2001 1167 2033; x_wconf 90' lang='lat' dir='ltr'>te</span> <span class='ocrx_word' id='word_1_264' title='bbox 1193 2010 1214 2031; x_wconf 85' lang='lat'><em>*</em></span> <span class='ocrx_word' id='word_1_265' title='bbox 1241 1999 1279 2032; x_wconf 87' lang='lat' dir='ltr'>et</span> <span class='ocrx_word' id='word_1_266' title='bbox 1305 2000 1335 2042; x_wconf 87' lang='lat' dir='ltr'>(t</span> <span class='ocrx_word' id='word_1_267' title='bbox 1358 1999 1399 2031; x_wconf 71' lang='lat' dir='ltr'>in</span> 
     </span>
     <span class='ocr_line' id='line_1_35' title="bbox 52 2044 1398 2090; baseline -0.001 -11"><span class='ocrx_word' id='word_1_268' title='bbox 52 2055 122 2079; x_wconf 80' lang='lat' dir='ltr'>ras.</span> <span class='ocrx_word' id='word_1_269' title='bbox 149 2056 214 2079; x_wconf 73' lang='lat' dir='ltr'>scr.</span> <span class='ocrx_word' id='word_1_270' title='bbox 240 2056 284 2080; x_wconf 87' lang='lat' dir='ltr'>m.</span> <span class='ocrx_word' id='word_1_271' title='bbox 311 2046 354 2088; x_wconf 81' lang='lat' dir='ltr'>r.)</span> <span class='ocrx_word' id='word_1_272' title='bbox 385 2044 561 2088; x_wconf 80' lang='lat' dir='ltr'>rationib3</span> <span class='ocrx_word' id='word_1_273' title='bbox 587 2044 615 2078; x_wconf 89' lang='lat' dir='ltr'><strong>F</strong></span> <span class='ocrx_word' id='word_1_274' title='bbox 645 2047 752 2080; x_wconf 88' lang='lat' dir='ltr'>tener</span> <span class='ocrx_word' id='word_1_275' title='bbox 776 2045 951 2089; x_wconf 83' lang='lat' dir='ltr'>rationib;</span> <span class='ocrx_word' id='word_1_276' title='bbox 979 2060 1006 2090; x_wconf 87' lang='grc' dir='ltr'><strong>φ</strong></span> <span class='ocrx_word' id='word_1_277' title='bbox 1106 2050 1147 2080; x_wconf 92' lang='grc'>11</span> <span class='ocrx_word' id='word_1_278' title='bbox 1180 2044 1319 2079; x_wconf 86' lang='lat' dir='ltr'>fauulis</span> <span class='ocrx_word' id='word_1_279' title='bbox 1352 2044 1398 2077; x_wconf 81' lang='lat' dir='ltr'>F1</span> 
     </span>
     <span class='ocr_line' id='line_1_36' title="bbox 55 2091 1398 2136; baseline 0.001 -12"><span class='ocrx_word' id='word_1_280' title='bbox 55 2094 98 2125; x_wconf 82' lang='lat'>23</span> <span class='ocrx_word' id='word_1_281' title='bbox 123 2091 245 2136; x_wconf 87' lang='lat' dir='ltr'>priore</span> <span class='ocrx_word' id='word_1_282' title='bbox 270 2093 348 2127; x_wconf 82' lang='lat' dir='ltr'>cdd.</span> <span class='ocrx_word' id='word_1_283' title='bbox 448 2096 492 2125; x_wconf 75' lang='lat'>24</span> <span class='ocrx_word' id='word_1_284' title='bbox 523 2102 672 2136; x_wconf 84' lang='lat' dir='ltr'>prorsus</span> <span class='ocrx_word' id='word_1_285' title='bbox 699 2103 781 2127; x_wconf 89' lang='lat' dir='ltr'>eam</span> <span class='ocrx_word' id='word_1_286' title='bbox 808 2093 909 2128; x_wconf 80' lang='lat' dir='ltr'>Orus.</span> <span class='ocrx_word' id='word_1_287' title='bbox 1006 2098 1167 2128; x_wconf 79' lang='lat' dir='ltr'>uenere*</span> <span class='ocrx_word' id='word_1_288' title='bbox 1191 2092 1219 2126; x_wconf 81' lang='lat' dir='ltr'>F</span> <span class='ocrx_word' id='word_1_289' title='bbox 1246 2093 1287 2135; x_wconf 67' lang='grc'>(“</span> <span class='ocrx_word' id='word_1_290' title='bbox 1313 2092 1398 2125; x_wconf 76' lang='grc' dir='ltr'>αᾱᾱ.</span> 
     </span>
     <span class='ocr_line' id='line_1_37' title="bbox 54 2138 1399 2183; baseline -0.001 -11"><span class='ocrx_word' id='word_1_291' title='bbox 54 2150 98 2173; x_wconf 89' lang='lat' dir='ltr'>m.</span> <span class='ocrx_word' id='word_1_292' title='bbox 124 2140 170 2183; x_wconf 75' lang='lat' dir='ltr'>r.)</span> <span class='ocrx_word' id='word_1_293' title='bbox 265 2143 309 2173; x_wconf 76' lang='lat'>25</span> <span class='ocrx_word' id='word_1_294' title='bbox 342 2138 625 2173; x_wconf 86' lang='lat' dir='ltr'>adorationibus</span> <span class='ocrx_word' id='word_1_295' title='bbox 656 2139 932 2174; x_wconf 87' lang='lat' dir='ltr'>uenerabantur</span> <span class='ocrx_word' id='word_1_296' title='bbox 964 2142 986 2174; x_wconf 80' lang='grc' dir='ltr'><em>ὃ</em></span> <span class='ocrx_word' id='word_1_297' title='bbox 1030 2140 1211 2175; x_wconf 83' lang='lat' dir='ltr'>Venerem</span> <span class='ocrx_word' id='word_1_298' title='bbox 1244 2149 1399 2173; x_wconf 84' lang='lat' dir='ltr'>uenera-</span> 
     </span>
     <span class='ocr_line' id='line_1_38' title="bbox 54 2185 1398 2231; baseline 0 -11"><span class='ocrx_word' id='word_1_299' title='bbox 54 2185 192 2220; x_wconf 86' lang='lat' dir='ltr'>bantur</span> <span class='ocrx_word' id='word_1_300' title='bbox 221 2186 374 2229; x_wconf 79' lang='lat' dir='ltr'>Traube,</span> <span class='ocrx_word' id='word_1_301' title='bbox 397 2187 510 2229; x_wconf 61' lang='lat' dir='ltr'>Orus„</span> <span class='ocrx_word' id='word_1_302' title='bbox 531 2187 706 2231; x_wconf 71' lang='lat' dir='ltr'>Weyman</span> <span class='ocrx_word' id='word_1_303' title='bbox 744 2187 954 2222; x_wconf 86' lang='lat' dir='ltr'>adorabant</span> <span class='ocrx_word' id='word_1_304' title='bbox 980 2187 1262 2222; x_wconf 84' lang='lat' dir='ltr'>adorationibus</span> <span class='ocrx_word' id='word_1_305' title='bbox 1290 2186 1398 2220; x_wconf 80' lang='lat' dir='ltr'>Ross-</span> 
     </span>
     <span class='ocr_line' id='line_1_39' title="bbox 56 2232 1400 2278; baseline 0.001 -12"><span class='ocrx_word' id='word_1_306' title='bbox 56 2232 144 2267; x_wconf 80' lang='lat' dir='ltr'>bach</span> <span class='ocrx_word' id='word_1_307' title='bbox 186 2233 468 2268; x_wconf 85' lang='lat' dir='ltr'>adorationibus</span> <span class='ocrx_word' id='word_1_308' title='bbox 495 2233 688 2268; x_wconf 87' lang='lat' dir='ltr'>crederent</span> <span class='ocrx_word' id='word_1_309' title='bbox 711 2245 736 2278; x_wconf 86' lang='lat' dir='ltr'>g</span> <span class='ocrx_word' id='word_1_310' title='bbox 767 2235 808 2268; x_wconf 69' lang='lat' dir='ltr'>in</span> <span class='ocrx_word' id='word_1_311' title='bbox 839 2234 866 2269; x_wconf 81' lang='lat' dir='ltr'><strong>F</strong></span> <span class='ocrx_word' id='word_1_312' title='bbox 897 2235 981 2269; x_wconf 75' lang='lat' dir='ltr'>add.</span> <span class='ocrx_word' id='word_1_313' title='bbox 1021 2235 1178 2269; x_wconf 61' lang='lat' dir='ltr'>credent</span> <span class='ocrx_word' id='word_1_314' title='bbox 1209 2246 1254 2267; x_wconf 78' lang='lat' dir='ltr'>m.</span> <span class='ocrx_word' id='word_1_315' title='bbox 1280 2244 1400 2268; x_wconf 64' lang='lat' dir='ltr'>recem?</span> 
     </span>
     <span class='ocr_line' id='line_1_40' title="bbox 0 2279 1215 2325; baseline -0.001 -11"><span class='ocrx_word' id='word_1_316' title='bbox 0 2304 1 2307; x_wconf 21' lang='grc' dir='ltr'><strong>κ</strong></span> <span class='ocrx_word' id='word_1_317' title='bbox 56 2280 100 2322; x_wconf 77' lang='lat' dir='ltr'>ef.</span> <span class='ocrx_word' id='word_1_318' title='bbox 130 2279 235 2325; x_wconf 70' lang='lat' dir='ltr'>Fulgy.</span> <span class='ocrx_word' id='word_1_319' title='bbox 264 2281 418 2325; x_wconf 75' lang='lat' dir='ltr'>Mythol.</span> <span class='ocrx_word' id='word_1_320' title='bbox 445 2281 505 2314; x_wconf 88' lang='grc' dir='ltr'>ΠΙ.</span> <span class='ocrx_word' id='word_1_321' title='bbox 528 2284 559 2314; x_wconf 88' lang='grc'>6.</span> <span class='ocrx_word' id='word_1_322' title='bbox 587 2281 645 2315; x_wconf 79' lang='lat' dir='ltr'>Pl.</span> <span class='ocrx_word' id='word_1_323' title='bbox 667 2282 775 2316; x_wconf 74' lang='lat' dir='ltr'>Poen.</span> <span class='ocrx_word' id='word_1_324' title='bbox 799 2285 876 2325; x_wconf 75' lang='lat'>277,</span> <span class='ocrx_word' id='word_1_325' title='bbox 903 2282 1001 2316; x_wconf 61' lang='lat' dir='ltr'>Rufi.</span> <span class='ocrx_word' id='word_1_326' title='bbox 1024 2285 1103 2324; x_wconf 77' lang='lat'>305,</span> <span class='ocrx_word' id='word_1_327' title='bbox 1127 2284 1215 2315; x_wconf 82' lang='lat'>1349</span> 
     </span>
    </p>
   </div>
   <div class='ocr_carea' id='block_1_6' title="bbox 0 1606 8 2353">
    <p class='ocr_par' dir='ltr' id='par_1_7' title="bbox 0 1606 8 2353">
     <span class='ocr_line' id='line_1_41' title="bbox 0 1606 8 2353; baseline 0 0"><span class='ocrx_word' id='word_1_328' title='bbox 0 1606 8 2353; x_wconf 95' lang='lat' dir='ltr'> </span> 
     </span>
    </p>
   </div>
  </div>
 </body>
</html>
