1591 2556
5 740 97 774 Ὶ10

63 1035 96 1060 15

7 1315 97 1361 220

64 1625 98 1650 25

62 1920 98 1946 30

599 94 699 129 CAP.
725 93 977 129 XV1-XV1H
1374 95 1459 136 265

114 191 200 246 ptis
232 205 401 232 rursum
434 205 540 245 quae
566 191 744 245 quisque
771 189 1021 243 detulerant,
1053 190 1211 231 alacres
1238 191 1290 230 ad
1314 190 1460 232 fanum

115 250 298 292 reditum
331 252 557 304 capessunt
587 249 718 291 simili
750 251 915 290 structu
947 263 1126 303 pompae
1159 249 1309 290 decori.

203 307 340 349 XVII.
372 308 431 349 At
463 323 558 350 cum
590 309 641 350 ad
667 309 808 362 ipsum
834 308 918 349 iam
943 308 1150 362 templum
1176 309 1461 363 peruenimus,

116 368 310 409 sacerdos
342 368 553 409 maximus
592 368 748 422 quique
786 367 952 408 diuinas
985 367 1147 422 effigies
1178 368 1462 422 progerebant

116 430 159 469 et
191 427 263 481 qui
295 427 546 468 uenerandis
577 426 864 481 penetralibus
896 426 1060 480 pridem
1092 426 1261 467 fuerant
1292 426 1462 481 initiati,

116 487 228 527 intra
259 486 501 527 cubiculum
533 486 632 527 deae
664 485 822 539 recepti
861 485 1092 539 disponunt
1123 487 1203 527 rite
1236 485 1463 527 simulacra

116 545 332 599 spirantia.
394 548 495 586 tunc
528 560 579 586 ex
609 545 676 586 his
707 559 830 598 unus,
868 559 993 598 quem
1029 545 1169 586 cuncti
1202 547 1463 600 grammatea

117 604 332 659 dicebant,
389 619 466 658 pro
516 604 678 645 foribus
728 603 930 644 assistens
982 607 1102 645 coetu
1152 604 1461 658 pastophorum

117 689 172 692 —
206 664 319 717 quod
363 663 620 705 sacrosancti
664 662 833 717 collegii
872 677 1027 704 nomen
1068 666 1132 704 est
1168 689 1226 692 —
1262 663 1381 704 uelut
1418 663 1462 704 in

118 723 359 764 contionem
401 725 570 776 uocato,
619 722 805 763 indidem
851 722 900 763 de
945 722 1118 763 sublimi
1162 725 1367 777 suggestu
1412 722 1461 763 de

117 782 240 836 libro,
272 782 321 823 de
353 781 509 823 litteris
541 782 682 822 fausta
712 784 815 822 uota
845 781 1061 835 praefatus
1092 781 1276 835 principi
1307 795 1462 835 magno

116 842 365 895 senatuique
398 843 439 882 et
470 840 604 894 equiti
636 843 812 894 totoque
842 840 1034 882 Romano
1066 840 1237 895 populo,
1269 840 1464 894 nauticis,

115 900 382 952 nauibusque,
407 914 510 952 quae
529 899 607 940 sub
635 900 812 954 imperio
838 900 987 940 mundi
1012 900 1218 941 nostratis
1244 902 1463 955 reguntur,

116 959 331 1000 renuntiat
342 973 533 1000 sermone
545 959 714 1013 rituque
724 958 967 1000 Graeciensi
981 960 1032 1000 τὰ
1046 958 1324 1014 πλοιαφέσια,
1336 973 1463 1012 quam

115 1032 263 1060 uocem
294 1017 476 1059 feliciter
507 1019 670 1059 cunctis
703 1018 872 1059 euenire
904 1018 1092 1072 signauit
1122 1018 1272 1072 populi
1305 1017 1464 1058 clamor

114 1078 342 1118 insecutus.
405 1077 501 1118 exin
535 1077 688 1131 gaudio
723 1076 901 1118 delibuti
934 1077 990 1131 [p.
1013 1077 1109 1118 216.
1135 1077 1204 1131 E]
1236 1077 1462 1131 populares

115 1136 272 1177 thallos
302 1136 508 1177 uerbenas
542 1135 720 1177 corollas
751 1136 947 1190 ferentes,
979 1136 1235 1177 exosculatis
1267 1135 1463 1189 uestigiis

117 1196 215 1237 deae
248 1210 354 1249 quae
386 1195 588 1251 gradibus
619 1194 822 1236 haerebat
853 1198 1027 1250 argento
1060 1196 1254 1249 formata,
1287 1195 1338 1235 ad
1365 1209 1464 1236 suos

116 1254 338 1296 discedunt
368 1254 488 1306 lares.
545 1269 620 1295 nec
652 1257 794 1295 tamen
824 1269 891 1295 me
923 1255 1089 1296 sinebat
1120 1255 1286 1295 animus
1319 1267 1462 1308 ungue

115 1314 245 1354 latius
276 1314 462 1354 indidem
501 1313 665 1367 digredi
702 1314 775 1355 sed
813 1314 1002 1355 intentus
1034 1315 1080 1355 m
1118 1314 1217 1354 deae
1250 1313 1464 1367 specimen

118 1373 323 1427 pristinos
356 1387 477 1413 casus
509 1387 625 1413 meos
657 1373 917 1414 recordabar.

206 1430 364 1472 XVIII.
408 1431 499 1474 Nec
531 1434 672 1472 tamen
703 1431 835 1472 Fama
866 1431 1052 1472 uolucris
1084 1431 1207 1486 pigra
1238 1431 1465 1485 pinnarum

116 1491 318 1532 tarditate
351 1494 606 1544 cessauerat,
646 1491 718 1532 sed
754 1487 951 1545 protinus
983 1491 1027 1531 in
1064 1490 1202 1544 patria
1241 1489 1341 1530 deae
1372 1504 1466 1543 pro-

116 1550 302 1591 uidentis
335 1550 549 1591 adorabile
574 1550 827 1591 beneficium
854 1564 1075 1604 meamque
1095 1549 1230 1603 ipsius
1250 1549 1466 1590 fortunam

118 1608 436 1650 memorabilem
478 1612 725 1650 narrauerat
768 1609 939 1663 passim.
1015 1608 1239 1650 confestim
1285 1608 1464 1662 denique

118 1667 347 1709 familiares
380 1683 426 1709 ac
458 1667 657 1709 uernulae
690 1668 847 1723 quique
879 1668 984 1709 mihi
1013 1668 1208 1722 proximo
1234 1681 1346 1708 nexu
1373 1681 1465 1707 san—

119 1727 261 1782 guinis
305 1726 606 1781 cohaerebant,
656 1727 774 1768 luctu
820 1727 1033 1781 deposito,
1084 1741 1210 1781 quem
1255 1726 1304 1767 de
1347 1740 1464 1767 meae

117 1787 268 1827 mortis
288 1786 395 1827 falso
416 1787 566 1827 nuntio
588 1789 872 1840 susceperant,
898 1786 1119 1840 repentino
1141 1785 1289 1826 laetati
1310 1785 1464 1839 gaudio

116 1845 233 1886 uarie
255 1845 434 1899 quisque
458 1845 768 1886 munerabundi
794 1845 846 1885 ad
873 1860 1015 1886 meum
1039 1845 1244 1886 festinant
1268 1844 1366 1885 ilico
1393 1844 1467 1897 <m

117 1903 270 1959 lucem>
291 1904 487 1946 diurnam
506 1904 673 1946 reducis
693 1904 744 1945 ab
771 1904 919 1945 inferis
946 1907 1230 1958 conspectum.
1283 1917 1464 1957 quorum

214 2071 234 2101 2
267 2067 398 2102 strictu
425 2067 489 2112 Fcp
526 2067 601 2102 ritu
633 2068 656 2101 ὃ
753 2071 820 2102 2.3
837 2067 988 2140 hdecori.
1028 2068 1078 2102 At
1104 2067 1179 2101 ὃΕ.
1228 2067 1379 2100 decorat
1412 2066 1467 2110 (at

119 2138 161 2171 in
184 2149 256 2172 ras.
283 2149 348 2173 scr.
378 2150 420 2173 m
448 2151 467 2173 1·
471 2141 491 2183 .)
519 2149 602 2172 cum
627 2137 694 2179 qu
794 2142 811 2172 7
837 2116 890 2172 his
916 2138 944 2172 F
982 2138 1041 2172 his
1068 2152 1096 2182 φ
1181 2148 1275 2170 unus
1303 2146 1412 2179 quem
1437 2135 1465 2168 F

119 2183 178 2218 uir
211 2195 321 2227 quem
354 2199 381 2230 φ
481 2189 523 2219 13
558 2184 791 2228 nauibusque
828 2196 922 2229 quae
962 2185 1050 2220 Oua
1093 2184 1253 2219 nauibus
1293 2194 1401 2229 queq;
1437 2182 1465 2215 F

122 2235 165 2265 14
196 2230 240 2265 τὰ
266 2231 489 2277 πλοιαφέσια
514 2233 645 2276 scripsi
687 2231 742 2266 ita
766 2231 991 2277 πλοιαφέσια
1017 2233 1219 2267 Illommsen
1254 2230 1290 2264 Ο.
1312 2230 1344 2264 Ι
1364 2230 1409 2263 L.
1436 2229 1463 2262 Ι.

121 2281 189 2312 387
215 2279 270 2314 cll.
297 2279 392 2325 Lyd.
418 2284 450 2314 4
467 2284 510 2314 32
597 2279 653 2314 ita
679 2281 912 2315 aoiaGOEEcia
938 2280 1003 2324 Fcp
1102 2283 1145 2313 ‘20
1176 2277 1215 2311 in
1241 2278 1325 2311 add.
1351 2277 1462 2321 uulyo

122 2336 187 2360 om.
214 2326 292 2360 cdd.
414 2331 468 2361 29.
486 2331 530 2361 30
563 2326 631 2373 <in
665 2325 813 2373 lucem>
853 2327 1025 2361 diurnam
1062 2324 1208 2360 reducis
1249 2323 1296 2358 ab
1335 2322 1464 2358 inferis
