1591 2556
150 79 233 121 158
713 81 838 115 LIBRI
862 81 930 115 VII

148 175 365 230 publicum
408 176 538 217 istum
582 177 798 218 maritum’
842 177 982 231 inquit
1026 177 1171 218 ‘immo
1222 191 1488 219 communem
1547 168 1572 191 *⁵

149 235 338 276 omnium
372 235 609 276 adulterum
642 236 727 276 illis
759 236 846 277 suis
885 236 1167 277 monstruosis
1199 237 1360 290 nuptiis
1392 251 1487 278 con-

149 294 321 349 dignam
353 294 624 335 uictimamus
655 294 855 335 hostiam'
882 298 924 336 et
950 295 1069 336 ‘heus
1095 298 1143 336 tu
1170 295 1290 349 puer'
1316 296 1375 336 ait
1402 295 1488 336 ‘ob-

148 356 343 394 truncato
375 353 570 407 protinus
603 367 650 394 60
683 354 886 395 11116611113
918 354 1087 408 quidem
1120 354 1293 395 canibus
1331 354 1488 395 nostris

148 413 269 466 iacta,
301 414 481 453 ceteram
514 426 614 452 uero
646 427 813 454 carnem
843 427 1009 453 omnem
1042 412 1330 467 operariorum
1362 427 1487 454 cenae
1523 430 1541 457 5
1574 435 1576 438 >

148 485 326 512 reserua.
383 486 480 511 nam
513 471 674 512 corium
707 472 975 512 adfirmatum
1009 472 1160 513 cineris
1192 472 1387 526 inspersu
1419 471 1488 513 do-

148 530 274 571 minis
312 530 542 570 referemus
574 529 748 584 eiusque
785 533 966 572 mortem
1000 531 1048 572 de
1080 531 1180 584 lupo
1213 530 1334 572 facile
1375 545 1488 572 men-

148 589 331 629 tiemur.’
364 588 531 629 sublata
551 589 818 630 cunctatione
839 592 1057 630 accusator
1082 589 1153 630 ille
1179 604 1298 631 meus
1324 590 1491 643 noxius,

148 648 238 701 ipse
280 648 407 688 6113111
450 647 675 701 pastoralis
714 651 935 689 exsecutor
978 649 1229 702 sententiae,
1266 648 1402 690 laetus
1447 650 1490 689 et
1566 695 1567 698 Ἴ

147 706 252 747 meis
284 706 494 747 insultans
526 706 650 747 malis
682 707 891 761 calcisque
923 707 1039 748 illius
1071 707 1330 761 admonitus,
1362 703 1569 805 01131οι01αὲ

1563 810 1582 843 ff.

1559 844 1570 870 ι

1560 874 1582 910 *ι

1558 898 1583 993 s}

1559 995 1580 1042 a]

148 765 407 806 inefficacem
433 766 564 806 fuisse
589 780 656 806 me
681 765 887 807 Hercules
914 766 1047 821 (10160,
1078 767 1272 820 protinus
1299 766 1488 821 gladium

149 825 255 866 cotis
288 824 446 865 adtritu
478 825 664 878 parabat.

235 882 392 924 XXIII
432 882 514 924 Sed
540 883 710 937 quidam
738 884 787 924 de
808 886 929 925 coetu
956 884 1030 925 illo
1057 885 1313 925 rusticorum
1340 883 1488 925 nefas’

148 942 208 982 ait
233 942 335 982 “tam
361 942 520 983 bellum
542 943 705 983 asinum
733 943 793 983 sic
819 958 991 984 enecare
1013 946 1054 984 et
1078 946 1252 997 propter
1276 942 1488 984 luxuriem

146 1000 462 1055 lasciuiamque,
489 1001 696 1042 amatoria
722 1002 909 1056 crimina,
934 1005 1023 1043 tam
1043 1002 1192 1056 <utam
1213 1016 1340 1056 opera
1359 1001 1486 1042 serui·
1507 1018 1568 1052 15
1581 1055 1583 1057 ι

148 1060 292 1113 tioque
335 1063 423 1100 tam
467 1060 701 1101 necessario
740 1075 1030 1114 031616,011111
1075 1061 1264 1115 alioquin
1308 1060 1487 1101 exsectis

148 1118 406 1173 genitalibus
432 1119 568 1172 possit
594 1133 728 1173 neque
756 1119 799 1159 in
824 1133 1021 1160 uenerem
1047 1119 1134 1160 ullo
1159 1120 1284 1161 modo
1315 1133 1487 1174 surgere

146 1192 307 1243 uosque
327 1192 412 1218 non
432 1177 647 1231 Garamam>
667 1178 781 1218 omni
808 1180 924 1219 metu
950 1178 1127 1232 periculi
1151 1178 1343 1232 liberare,
1363 1178 1486 1231 (sed)

147 1237 319 1290 insuper
351 1237 477 1277 etiam
510 1236 636 1291 longe
669 1237 849 1278 crassior
880 1240 1006 1291 atque
1045 1237 1332 1291 corpulentior
1364 1237 1486 1278 effici.

147 1295 305 1336 multos
337 1309 415 1350 ego
443 1295 528 1336 scio
555 1310 639 1336 non
665 1295 790 1337 modo
817 1296 957 1337 asinos
984 1297 1152 1351 inertes,
1183 1311 1333 1338 uelum
1358 1296 1485 1337 etiam
1504 1314 1560 1340 20
1559 1316 1588 1356 ,²¹

145 1354 431 1395 ferocissimos
465 1369 606 1408 equos,
638 1354 769 1395 nimio
795 1355 985 1396 libidinis
1010 1355 1251 1396 laborantes
1278 1358 1404 1409 atque
1431 1354 1483 1395 ob
1565 1372 1585 1404 -,,τ

146 1413 188 1453 id
226 1416 365 1454 truces
403 1428 684 1467 uesanosque,
723 1413 912 1454 adhibita
948 1414 1024 1455 tali
1056 1414 1332 1456 detestatione
1370 1428 1484 1454 111311-

146 1475 288 1513 6116106
322 1487 367 1514 30
399 1487 595 1513 mansues
622 1473 771 1513 exinde
797 1473 943 1527 factos7
975 1476 1017 1514 et
1043 1474 1159 1515 oneri
1190 1473 1366 1514 ferundo
1399 1487 1485 1514 11011

145 1531 354 1572 inhabiles
387 1534 429 1572 et
461 1534 598 1572 cetero
630 1531 867 1572 ministerio
899 1532 1119 1585 patientes.
1177 1532 1369 1586 denique,
1400 1531 1483 1573 nisi

145 1590 268 1630 uobis
301 1590 455 1631 suadeo
487 1590 747 1645 nolentibus,
779 1605 952 1644 possum
985 1592 1122 1644 spatio
1154 1591 1319 1632 modico
1358 1591 1482 1632 inter·
1503 1607 1536 1633 25

145 1649 267 1703 16010,
299 1664 382 1703 quo
414 1651 646 1690 mercatum
677 1664 932 1703 proxumum
965 1650 1081 1691 obire
1114 1650 1256 1704 statui,
1286 1649 1431 1703 petitis
1461 1664 1482 1690 e

146 1707 270 1748 domo
302 1708 568 1749 ferramentis
600 1708 699 1749 huic
725 1723 847 1749 curae
873 1709 1146 1763 praeparatis,
1179 1709 1230 1750 ad
1261 1723 1338 1749 uos
1370 1711 1481 1749 actu-

145 1769 237 1807 tum
267 1767 402 1808 redire
427 1770 673 1821 trucemque
700 1770 928 1808 amatorem
956 1768 1085 1809 istum
1112 1771 1237 1822 atque
1263 1768 1482 1808 insuauem

146 1825 306 1867 dissitis
350 1826 582 1867 femoribus
620 1826 875 1867 emasculare
914 1829 955 1868 et
994 1827 1146 1881 quouis
1189 1841 1364 1868 ueruece
1407 1826 1482 1866 mi·
1589 1872 1591 1879 Ι

144 1884 295 1925 11016111
329 1885 521 1926 efficere.²
1501 1901 1535 1927 30
1589 1920 1591 1923 ,

240 2063 259 2092 6
287 2058 516 2093 adsiccatum
541 2059 666 2094 Rohde
740 2063 783 2093 14
809 2032 953 2094 61110316
980 2072 1007 2103 φ
1034 2062 1135 2104 (emur
1159 2070 1203 2093 m.
1225 2060 1268 2103 r)
1295 2069 1426 2093 necare
1452 2058 1480 2092 F

145 2106 219 2150 (sed
254 2107 478 2150 rescriptmn)
589 2110 630 2140 15
669 2107 852 2141 amatoria
883 2106 1054 2151 crimina,
1085 2108 1163 2140 tam
1196 2105 1337 2152 <111111>
1370 2116 1482 2150 opera

143 2153 274 2197 scripsz
298 2153 519 2187 amatoriam
551 2153 786 2187 criminatum
813 2165 924 2198 opera
948 2155 1026 2189 cdd
1101 2157 1143 2187 18
1164 2158 1247 2197 post
1271 2163 1410 2196 uosque
1439 2154 1481 2187 in

144 2200 172 2233 F
197 2205 248 2235 est
271 2203 295 2233 ᾖ
322 2201 448 2235 deinde
480 2202 613 2235 lacuna
639 2206 807 2245 quattuor
839 2203 904 2236 lzſtrtt
933 2201 1135 2248 (tantum)
1154 2205 1186 2235 et
1204 2200 1326 2247 (sed)
1346 2201 1482 2235 inserui

144 2249 289 2340 {cetu
315 2272 352 2340 qt}
441 2263 482 2293 21
510 2258 677 2293 libidinis
705 2259 826 2294 calore
853 2261 875 2294 δ
957 2264 1000 2295 26
1027 2259 1129 2294 obire
1155 2259 1182 2293 F
1209 2260 1282 2303 (secl
1306 2259 1480 2303 rescript.)

145 2317 164 2340 0
195 2317 266 2341 1666
293 2320 320 2351 φ
