1591 2556
146 80 233 121 222
728 77 856 112 LIBRI
881 77 914 112 X

657 282 896 330 LIBER
933 281 974 328 X

236 386 266 428 I.
304 386 385 428 Die
418 387 611 440 sequenti
642 401 760 428 meus
799 385 968 440 quidem
1007 385 1202 426 dominus
1240 384 1494 426 hortulanus

149 446 252 501 quid
283 446 417 501 egerit
447 445 608 500 nescio,
646 461 713 487 me
752 448 893 486 tamen
925 443 1046 485 miles
1078 443 1168 498 ille,
1209 444 1282 498 qui
1319 446 1494 498 propter

149 505 347 547 eximiam
388 504 683 558 impotentiam
723 503 1005 558 pulcherrime
1044 502 1285 558 uapularat‚
1328 502 1380 544 ab
1418 501 1492 543 illo

148 564 367 619 praesepio
408 562 526 604 nullo
568 563 762 618 equidem
804 562 1116 604 contradicente
1156 562 1383 603 deductum
1424 560 1492 602 ab·
1531 555 1580 603 εἷ·

150 624 267 664 ducit
298 626 424 677 atque
454 637 477 663 a
503 637 579 663 suo
606 622 883 663 contubernio
911 647 964 650 —
991 621 1072 662 hoc
1105 620 1160 675 [p.
1179 619 1354 675 182.E.]
1381 620 1493 661 enim

149 682 255 723 mihi
287 682 512 723 uidebatur
543 707 599 710 —
631 681 805 723 sarcinis
843 680 1026 735 propriis
1065 682 1266 721 onustum
1305 682 1348 721 et
1377 693 1494 733 pror·
1566 724 1572 730 Δ

150 756 245 782 sum
289 743 538 782 exornatum
584 743 875 794 armatumque
919 739 1162 793 militariter
1204 738 1401 793 producit
1444 737 1495 778 ad
1559 731 1575 791 fa

150 801 275 842 uiam.
332 815 429 840 nam
462 803 504 841 et
536 799 698 855 galeam
730 800 867 840 nitore
900 798 1228 852 praemicantem
1261 799 1303 838 et
1329 799 1495 838 scutum

147 859 334 913 gerebam
363 859 536 913 longius
562 858 753 900 relucens
779 858 852 899 sed
878 858 1005 899 etiam
1030 857 1219 898 lanceam
1244 855 1495 911 longissimo
1517 846 1582 896 1οέ

151 918 298 960 hastili
331 918 619 972 conspicuam,
659 932 764 972 quae
803 916 964 958 scilicet
995 930 1080 957 non
1118 915 1365 969 disciplinae
1395 917 1498 956 tunc
1564 892 1583 957 l

154 978 323 1032 quidem
357 991 482 1018 causa
519 977 592 1017 sed
630 979 803 1030 propter
842 975 1059 1016 terrendos
1097 975 1274 1016 miseros
1313 974 1498 1015 uiatores

154 1038 197 1077 in
237 1051 401 1077 summo
444 1038 570 1089 atque
612 1035 724 1076 edito
766 1035 1025 1076 sarcinarum
1065 1033 1234 1074 cumulo
1276 1032 1327 1073 ad
1365 1032 1500 1074 instar
1560 1020 1585 1123 ἦ

155 1095 365 1137 exercitus
398 1094 543 1135 sedulo
577 1096 881 1148 composuerat.
945 1092 1135 1134 confecta
1166 1091 1391 1146 campestri
1423 1105 1499 1132 nec
1567 1085 1586 1150 ’ί

155 1155 257 1196 adeo
291 1153 455 1195 difficili
487 1153 558 1194 uia
596 1153 646 1193 ad
685 1152 896 1207 quandam
932 1150 1196 1193 ciuitatulam
1227 1150 1498 1204 peruenimus
1520 1165 1554 1191 15

156 1229 231 1255 nec
262 1214 306 1254 in
339 1212 506 1253 stabulo
546 1212 618 1252 sed
657 1212 699 1252 in
738 1211 862 1252 domo
902 1210 1118 1252 cuiusdam
1158 1209 1395 1251 decurionis
1433 1208 1500 1249 de—

156 1273 375 1314 uertimus.
438 1272 667 1325 statimque
705 1285 771 1311 me
810 1269 1101 1311 commendato
1135 1268 1299 1310 cuidam
1332 1266 1501 1309 seruulo

157 1333 246 1386 ipse
279 1331 330 1372 ad
367 1330 655 1385 praepositum
695 1344 836 1383 suum,
875 1329 947 1383 qui
984 1328 1100 1369 mille
1139 1330 1397 1368 armatorum
1429 1326 1501 1368 du·
1549 1329 1551 1331 ’

156 1394 297 1433 catum
329 1389 578 1443 sustinebat,
609 1388 790 1429 sollicite
822 1388 1116 1442 proficiscitur.

245 1448 297 1491 H.
338 1449 443 1490 Post
481 1448 568 1505 dies
606 1447 821 1502 plusculos
861 1447 1017 1488 ibidem
1057 1446 1338 1501 dissignatum
1376 1443 1500 1485 scele·
1521 1449 1586 1485 20³

158 1513 272 1550 stum
305 1523 351 1549 ac
384 1507 591 1549 nefarium
629 1506 792 1547 facinus
830 1506 1022 1559 memini,
1060 1505 1133 1546 sed
1172 1507 1221 1545 ut
1258 1518 1335 1545 uos
1373 1502 1501 1545 etiam

158 1568 329 1623 legatis,
368 1567 419 1607 ad
450 1566 607 1607 librum
639 1566 819 1619 profero.
883 1565 1077 1605 dominus
1117 1563 1282 1605 aedium
1319 1561 1505 1603 habebat

160 1628 355 1668 iuuenem
396 1625 532 1666 filium
571 1625 701 1678 probe
740 1624 976 1665 litteratum
1020 1625 1146 1677 atque
1191 1622 1244 1664 ob
1282 1621 1326 1662 id
1362 1635 1502 1662 conse-
1550 1623 1552 1625 ’

161 1688 339 1741 quenter
369 1685 525 1738 pietate
563 1684 771 1725 modestia
804 1683 1096 1737 praecipuum,
1137 1696 1262 1736 quem
1293 1680 1373 1722 tibi
1404 1693 1503 1734 quo-

161 1759 240 1800 que
272 1743 519 1799 prouenisse
552 1757 724 1797 cuperes
757 1742 826 1784 uel
856 1741 996 1783 talem.
1048 1740 1175 1782 huius
1207 1742 1342 1781 matre
1366 1737 1502 1780 multo
1523 1753 1579 1780 25»Υ

160 1807 257 1845 ante
296 1803 509 1856 defuncta,
541 1817 709 1843 rursum
750 1801 1068 1842 matrimonium
1101 1799 1182 1841 sibi
1223 1799 1502 1852 reparauerat,

162 1863 369 1917 ductaque
408 1861 490 1902 alia
520 1860 655 1902 filium
690 1863 985 1915 procreauerat
1022 1859 1170 1912 alium,
1209 1857 1282 1912 qui
1319 1856 1503 1917 aQque

162 1922 246 1962 iam
272 1921 567 1962 duodecimum
594 1935 750 1961 annum
776 1919 926 1961 aetatis
953 1930 1250 1972 supergressus
1275 1917 1375 1957 erat.
1431 1913 1505 1956 sed

162 1994 344 2022 nouerca
374 1980 511 2020 forma
548 1979 685 2033 magis
723 1993 849 2033 quam
888 1977 1077 2019 moribus
1116 1976 1159 2017 in
1198 1975 1321 2016 domo
1360 1973 1503 2014 mariti

1560 655 1579 685 {-

1564 1651 1582 1764 a&

1560 1973 1583 2079 .z·ae.„.'f2

259 2147 301 2178 10
321 2142 496 2188 gerebam
515 2143 644 2186 scripsi
663 2142 707 2185 ef.
725 2145 855 2175 14322
883 2143 1005 2175 cetera
1025 2140 1102 2175 cdd.
1129 2149 1233 2173 cereo
1254 2137 1293 2172 E.
1354 2135 1502 2182 longius

162 2215 329 2249 relucens
350 2213 513 2248 Elmenh.
541 2197 708 2257 longior}
727 2212 852 2246 lucens
873 2211 900 2245 F
926 2210 1093 2255 longiore
1112 2208 1239 2243 lucens
1260 2221 1287 2253 φ
1356 2209 1401 2241 20
1427 2206 1501 2240 dis·
1560 2238 1564 2253 z
1584 2240 1585 2243 ,

165 2262 353 2307 signatum
386 2260 450 2304 Imp
485 2260 530 2303 cf.
559 2263 701 2294 15212
746 2258 982 2303 designatum
1007 2257 1047 2291 E.
1169 2259 1213 2290 28
1246 2264 1503 2300 supergressus

165 2311 246 2344 erat
269 2309 400 2353 scripsi
425 2308 661 2351 supgesserat
685 2306 780 2351 Εφδ
811 2306 1084 2350 supercesserat
1107 2303 1147 2338 E.
1175 2303 1341 2338 Dousam
1364 2305 1504 2337 secutus
