1591 2556
24 450 27 456 -
40 433 58 459 5

2 729 57 772 y'10

25 1023 58 1049 15

7 1318 61 1343 20

603 82 704 118 CAP.
730 83 844 117 II-—V
872 88 874 92 ’
1326 84 1407 124 145

72 181 187 222 licite
218 179 434 221 sciscitari.
485 179 739 233 cognitoque
772 178 993 232 quosdam,
1026 179 1154 220 immo
1194 195 1294 221 uero
1326 180 1407 221 for-

73 239 286 280 tissimum
325 252 518 292 quenque
550 237 679 278 uariis
711 237 880 291 quidem
914 238 986 278 sed
1023 238 1201 292 inpigris
1242 239 1408 280 casibus

74 297 298 352 oppetisse,
329 297 489 350 suadet,
520 297 726 350 tantisper
754 297 915 350 pacatis
948 296 1171 338 itineribus
1204 298 1408 339 omnium-

74 372 154 411 que
184 356 443 411 proeliorum
470 356 647 397 seruatis
680 355 872 409 induciis,
903 355 1170 410 inquisitioni
1203 357 1405 398 commili-

77 419 226 457 tonum
257 415 400 469 potius
432 415 698 456 insisteretur
729 416 771 455 et
796 414 991 456 tirocinio
1016 429 1150 456 nouae
1176 415 1409 457 iuuentutis

76 475 128 516 ad
165 475 367 529 pristinae
405 488 553 515 manus
594 488 817 514 numerum
849 472 1025 514 Martiae
1065 473 1250 515 cohortis
1282 475 1409 515 facies

76 535 368 588 integraretur.
424 548 521 574 nam
553 535 595 574 et
631 532 790 573 inuitos
829 535 988 574 terrore
1026 533 1222 587 compelli
1261 536 1302 574 et
1339 548 1409 574 uo-

74 593 208 634 lentes
257 592 444 647 praemio
488 591 709 646 prouocari
751 606 892 645 posse,
936 606 1011 633 nec
1054 607 1210 646 paucos
1259 592 1408 633 humili

76 652 303 706 seruilique
336 651 448 692 uitae
474 650 762 692 renuntiantes
789 651 840 691 ad
866 651 1000 691 instar
1022 651 1264 704 tyrannicae
1297 654 1411 717 pote-

77 711 199 752 statis
244 713 400 752 sectam
444 725 562 751 suam
607 709 794 751 conferre
837 709 973 751 malle.
1035 725 1079 751 se
1118 725 1284 764 quoque
1328 711 1409 751 iam

78 771 235 811 dudum
271 784 347 824 pro
385 784 461 810 sua
504 771 621 823 palte
660 769 868 823 quendam
907 769 1153 810 conuenisse
1195 769 1410 811 hominem

77 833 119 870 et
144 832 257 871 statu
283 843 504 883 procerum
531 830 573 869 et
598 830 733 869 aetate
760 828 954 868 iuuenem
981 831 1022 869 et
1045 843 1218 882 corpore
1244 831 1411 870 uastum

77 891 119 941 et
150 902 277 929 manu
315 890 551 940 strenuum,
584 887 704 941 eique
736 887 918 928 suasisse
950 902 996 928 ac
1029 887 1207 941 denique
1245 902 1411 941 persua-

78 948 194 1001 sisse,
226 950 273 988 ut
303 961 452 987 manus
483 946 702 987 hebetatas
735 946 898 986 diutina
934 947 1108 1001 pigritia
1145 947 1315 987 tandem
1353 961 1412 987 re-

78 1007 206 1048 ferret
226 1006 278 1047 ad
296 1006 462 1061 frugem
482 1005 699 1046 meliorem
721 1005 777 1059 [p.
796 1005 889 1046 120.
903 1005 971 1059 Ε.]
992 1006 1187 1059 bonoque
1208 1006 1413 1047 secundae

80 1066 179 1107 dum
210 1067 354 1119 posset
384 1065 594 1105 frueretur
624 1064 891 1118 ualetudinis⁷
922 1079 997 1105 nec
1026 1079 1197 1105 manum
1230 1064 1413 1105 ualidam

79 1124 313 1179 erogandae
351 1123 452 1177 stipi
484 1123 719 1177 porrigeret
751 1123 823 1163 sed
854 1123 1085 1164 hauriendo
1126 1123 1269 1177 potius
1302 1139 1414 1164 exer-

80 1186 192 1224 ceret
236 1197 348 1224 auro.
410 1181 460 1223 V.
500 1181 656 1222 talibus
689 1181 813 1222 dictis
845 1182 1033 1222 uniuersi
1066 1196 1209 1223 omnes
1249 1182 1417 1223 adsensi

80 1245 122 1283 et
160 1242 281 1283 illum
319 1241 392 1295 qui
429 1241 512 1281 iam
550 1241 847 1294 comprobatus
891 1241 1122 1294 uideretur,
1161 1241 1337 1282 adscisci
1375 1244 1416 1282 et

80 1301 185 1342 alios
212 1301 264 1341 ad
289 1300 570 1354 supplendum
596 1314 817 1340 numerum
843 1300 1047 1355 uestigari
1072 1302 1275 1341 statuunt.
1316 1304 1414 1341 tunc

78 1360 292 1414 profectus
331 1362 373 1400 et
412 1358 631 1413 paululum
673 1362 957 1399 commoratus
998 1359 1068 1400 ille
1108 1359 1301 1412 producit
1341 1360 1415 1400 im-

78 1434 244 1460 manem
277 1418 485 1472 quendam
517 1417 724 1471 iuuenem⁷
755 1418 819 1458 uti
849 1417 988 1458 fuerat
1012 1417 1240 1472 pollicitus,
1273 1419 1413 1459 nescio

79 1493 131 1518 an
180 1477 257 1518 ulli
306 1477 591 1531 praesentium
636 1477 963 1531 comparandum
1007 1502 1064 1505 ——
1104 1492 1201 1517 nam
1250 1480 1417 1531 praeter

79 1539 259 1578 ceteram
303 1536 491 1590 corporis
540 1535 695 1576 molem
744 1538 834 1576 toto
878 1536 1035 1577 uertice
1080 1539 1252 1577 cunctos
1303 1539 1414 1577 ante-

79 1595 264 1650 pollebat
296 1598 337 1636 et
368 1595 405 1636 ei
438 1594 705 1636 commodum
737 1595 893 1649 lanugo
933 1595 1055 1636 malis
1088 1595 1328 1649 inserpebat
1360 1621 1415 1624 ῌ

80 1655 153 1696 sed
184 1654 306 1708 plane
339 1653 600 1695 centunculis
633 1653 872 1708 disparibus
899 1657 940 1695 et
972 1654 1079 1695 male
1113 1655 1415 1695 consarcinatis

80 1714 404 1767 semiamictum,
448 1713 558 1753 inter
601 1727 706 1767 quos
756 1716 902 1766 pectus
947 1716 989 1754 et
1032 1715 1180 1754 uenter
1229 1717 1417 1754 crustata

80 1773 267 1814 crassitie
305 1772 578 1813 reluctabant.
635 1772 694 1812 sic
732 1772 1016 1826 introgressus
1056 1771 1239 1813 ‘hauete’
1277 1773 1416 1826 inquit

81 1831 321 1872 ‘fortissimi
358 1831 433 1872 deo
471 1830 599 1871 Marti
637 1830 809 1872 clientes
848 1831 1036 1885 mihique
1074 1831 1157 1871 iam
1195 1831 1269 1872 fidi
1307 1846 1415 1872 com-

82 1891 314 1944 militones,
346 1893 388 1931 et
425 1890 565 1931 uirum
597 1890 889 1944 magnanimae
928 1890 1170 1931 uiuacitatis
1202 1890 1415 1931 uolentem

625 2042 662 2066 ob

175 2080 194 2110 2
228 2087 397 2120 quenque
423 2076 450 2110 F
571 2080 590 2110 3
624 2075 810 2120 adpetisse
843 2076 870 2109 F
915 2075 1100 2120 oppetisse
1136 2089 1162 2119 φ
1208 2075 1368 2120 operisse
1395 2077 1415 2108 ὃ

83 2123 244 2168 aperisse
275 2135 300 2168 g
419 2128 438 2157 9
472 2123 556 2157 uiae
583 2137 610 2167 φ
727 2127 768 2157 12
803 2124 946 2157 statura
977 2123 1066 2158 Oud.
1190 2127 1232 2157 18
1268 2122 1417 2156 adsensi

81 2171 211 2215 scripsi
236 2171 431 2205 adsensere
452 2172 510 2215 φδ
535 2175 722 2214 ‘utramque
742 2172 920 2205 lectionem
943 2172 1133 2205 coniunxit
1153 2170 1179 2203 F
1206 2169 1415 2204 adsensiere

84 2221 125 2251 21
153 2217 325 2262 producit
350 2230 374 2262 g
404 2217 575 2262 perducit
600 2217 663 2261 sz
681 2217 720 2252 E.
796 2221 838 2251 26
871 2219 1092 2251 cen—tunc
1118 2217 1194 2250 illis
1222 2230 1248 2260 φ
1281 2218 1418 2261 (izmoec't

82 2276 127 2298 m.
147 2267 191 2309 r.)
281 2268 325 2298 28
350 2277 437 2299 snum
461 2266 535 2308 fuit
560 2264 804 2299 relucebant?
830 2265 875 2307 cf.
899 2268 1034 2298 162.13
1078 2263 1313 2298 reluctabant
1338 2264 1415 2298 edd.

84 2310 220 2345 habete
245 2311 308 2355 Fcp
406 2316 448 2346 29
475 2311 668 2346 fortissimi
696 2312 770 2346 Pet.
803 2311 1004 2346 fortissimo
1031 2311 1094 2355 Fcp

154 2377 279 2402 APVLEI
297 2384 416 2403 METAM.
437 2378 481 2403 ed.
501 2378 605 2405 Vliet
1095 2373 1136 2403 10
