1591 2556
570 60 671 125 cAP.
697 88 897 124 xm-xv
1315 88 1402 129 233

151 187 225 229 ‘At
256 188 370 229 istud
401 188 485 228 iam
516 201 651 241 neque
684 200 865 240 aequum
893 200 939 226 ac
970 200 1022 226 ne
1052 185 1286 227 humanum
1313 185 1403 240 qui-

63 248 156 289 dem
201 246 353 288 cotidie
392 261 438 287 ac
482 248 623 301 partes
662 245 880 287 electiores
922 244 1132 298 surripere
1177 247 1303 298 atque
1348 245 1401 285 iis

63 306 290 348 diuenditis
316 305 529 359 peculium
554 305 734 346 latenter
760 318 925 358 augere,
952 303 1001 344 de
1027 303 1202 357 reliquis
1225 318 1401 357 aequam

62 365 276 408 uindicare
308 364 571 406 diuisionem.
613 364 649 405 si
680 363 761 404 tibi
793 362 972 416 denique
999 362 1178 403 societas
1205 362 1288 403 ista
1320 363 1432 415 dis—-

27 445 41 468 ε,
61 424 208 478 plicet,
239 438 464 478 possumus
497 423 638 464 omnia
669 422 839 476 quidem
876 424 1013 463 cetera
1037 422 1190 463 fratres
1222 436 1404 475 manere,

63 483 114 524 ab
140 483 223 524 isto
250 485 391 523 tamen
417 497 527 524 nexu
555 481 863 524 communionis
891 480 1114 522 discedere.
1154 496 1251 521 nam
1277 481 1400 522 uideo

62 543 106 583 in
154 542 408 583 immensum
453 542 594 582 damni
637 540 933 595 procedentem
979 539 1192 593 querelam
1241 540 1403 581 nutrire

61 601 184 642 nobis
216 601 443 642 immanem
476 599 756 641 discordiam.’

152 659 317 701 Subicit
354 660 462 701 alius
495 659 633 700 ‘laudo
672 659 799 699 istam
845 661 963 699 tuam
1011 673 1077 699 me
1119 657 1323 699 Hercules
1362 661 1406 698 et

9 739 41 763 10
61 719 152 773 ipse
184 719 483 773 constantiam,
516 718 628 773 quod
660 717 814 759 cotidie
853 717 1004 757 furatis
1044 717 1233 758 clanculo
1275 717 1402 770 parti-

61 778 140 819 bus
178 778 436 832 praeuenisti
474 777 799 832 querimoniam,
838 791 964 830 quam
1004 775 1240 817 diutissime
1279 776 1404 817 susti-

0 834 1 882 ἶ
61 852 165 879 nens
186 837 340 878 tacitus
366 836 714 892 ingemescebam‚
740 850 792 876 ne
819 835 985 876 uiderer
1010 835 1180 889 rapinae
1209 835 1403 876 sordidae

61 911 203 937 meum
234 896 409 937 fratrem
441 910 627 950 arguere.
679 895 752 936 sed
783 894 889 935 bene
923 894 1036 948 quod
1066 894 1405 949 utrimquesecus

62 970 253 996 sermone
290 955 455 1009 prolato
493 953 676 995 iacturae
715 954 947 995 remedium
988 954 1222 1007 quaeritur,
1258 968 1311 994 ne
1352 953 1404 994 si-

8 1034 41 1058 15
60 1014 193 1055 lentio
225 1014 455 1068 procedens
482 1013 676 1055 simultas
703 1012 925 1054 Eteocleas
957 1012 1080 1053 nobis
1113 1012 1405 1054 contentiones

63 1073 227 1127 pariat.'

153 1132 209 1186 [p.
233 1131 409 1186 191.E.]
448 1131 539 1173 XV.
570 1131 651 1172 His
679 1133 721 1172 et
746 1130 957 1171 similibus
984 1130 1175 1171 altercati
1201 1130 1406 1171 conuiciis

65 1191 305 1232 deierantur
336 1191 506 1245 utrique
538 1190 698 1231 nullam
729 1205 771 1230 se
803 1204 977 1244 prorsus
1008 1189 1212 1243 fraudem,
1243 1189 1405 1230 nullam

65 1250 245 1304 denique
266 1250 582 1303 subreptionem
602 1249 819 1290 factitasse
840 1248 913 1290 sed
931 1248 1055 1302 plane
1077 1249 1226 1290 debere
1241 1248 1406 1289 cunctis

3 1316 4 1343 ἲ
65 1309 228 1350 artibus
259 1309 495 1350 communis
522 1308 730 1362 dispendii
756 1308 963 1349 latronem
996 1308 1164 1362 inquiri.
1208 1323 1306 1348 nam
1338 1322 1407 1347 ne-

4 1403 5 1417 2
65 1382 146 1422 que
190 1368 373 1422 asinum,
413 1368 484 1422 qui
517 1368 632 1408 solus
664 1368 903 1417 interesset,
936 1367 1093 1408 talibus
1136 1367 1241 1408 cibis
1283 1366 1406 1407 adfici

65 1441 188 1481 posse
222 1430 264 1468 et
301 1429 442 1467 tamen
475 1426 628 1468 cotidie
659 1427 793 1480 partis
826 1426 1010 1467 electiles
1043 1441 1269 1479 conparere
1310 1440 1406 1466 nus-

3 1502 5 1533 ;
66 1501 192 1540 quam
217 1500 293 1527 nec
318 1486 466 1540 utique
493 1485 687 1527 cellulam
715 1500 834 1526 suam
867 1488 953 1526 tam
986 1485 1191 1526 immanes
1218 1484 1407 1525 inuolare

4 1562 6 1598 χ
65 1559 231 1586 muscas
262 1547 311 1586 ut
342 1545 443 1586 olim
475 1544 690 1598 Harpyiae
722 1545 850 1599 fuere,
883 1559 989 1599 quae
1022 1544 1278 1598 diripiebant
1309 1543 1406 1584 Phi-

5 1624 25 1647 ⁴2
65 1604 181 1645 neias
213 1604 350 1658 dapes.

154 1661 320 1704 Interea
356 1662 603 1704 liberalibus
636 1663 750 1704 cenis
791 1663 1003 1704 inescatus
1036 1665 1077 1703 et
1109 1662 1306 1703 humanis
1339 1661 1407 1701 ad·
1446 1663 1448 1665 ’

66 1721 188 1762 satim
228 1721 333 1762 cibis
372 1722 590 1776 saginatus
628 1736 780 1775 corpus
819 1721 946 1762 obesa
985 1721 1195 1776 pinguitie
1228 1720 1408 1774 comple-

163 1842 182 1871 2
209 1836 255 1871 iis
281 1837 308 1870 F
406 1841 471 1871 (17
498 1836 608 1871 uideo
634 1836 828 1871 immesum
854 1838 877 1871 ὃ
902 1838 946 1880 cf.
975 1841 1086 1871 74.11
1188 1840 1300 1871 11.12
1328 1835 1409 1869 diu-

6 1932 7 1935 ,
69 1907 212 1942 tissime
256 1907 411 1942 fratrem
452 1918 606 1953 arguere
652 1907 837 1942 sustinens
876 1908 898 1941 ὃ
1019 1912 1062 1942 14
1103 1908 1245 1954 iacture
1283 1892 1409 1942 mediii

2 2019 9 2033 υ
69 1978 210 2013 iacture
235 1964 361 2012 mediii
387 1980 446 2022 φδ
520 1982 562 2012 15
587 1978 754 2026 {medens
781 1992 808 2022 φ
844 2013 850 2020 ,
877 1978 1063 2025 simultas]
1091 1979 1284 2013 simulatas
1309 1979 1409 2021 quff

7 2034 9 2046 ¹
69 2025 289 2068 otentionibg
316 2026 380 2070 Fq2
413 2025 715 2060 contantionibus
742 2027 764 2060 δ
863 2029 904 2060 17
930 2025 988 2061 his
1015 2028 1053 2060 et
1078 2026 1262 2060 similibus
1289 2028 1332 2069 cf.
1361 2028 1410 2060 ad

72 2076 148 2107 195.
160 2076 202 2106 22
224 2074 344 2117 (huius
363 2074 431 2116 ed.)
508 2076 550 2107 18
572 2073 785 2107 deierantur
804 2072 862 2107 Fe
895 2073 1106 2108 deletantur
1125 2087 1152 2118 φ
1227 2078 1269 2108 21
1298 2073 1408 2107 adfici

8 2126 10 2148 ἲ
69 2120 167 2163 „nisi
191 2121 413 2155 contrarium
444 2121 683 2155 demonstrare
707 2121 893 2155 uideretur
917 2122 1015 2156 locus
1040 2122 1140 2155 sz
1162 2121 1234 2165 Ep.
1258 2121 1319 2155 III.
1342 2125 1370 2153 1.
1388 2124 1408 2153 9

4 2173 10 2200 ³,
72 2167 181 2210 „sunt
204 2166 243 2200 in
267 2178 336 2201 usu
362 2169 400 2202 et
419 2166 628 2211 Corinthia,
655 2166 789 2210 quibus
810 2167 1016 2202 delectetur
1034 2179 1102 2202 nec
1122 2167 1310 2211 adficitur,
1335 2178 1411 2201 non

71 2214 271 2248 dubitarem
290 2213 403 2249 adlici
422 2216 464 2249 in
483 2219 617 2249 textum
636 2215 822 2258 reciperef‘
839 2215 1004 2250 Hz'ldebr.
1080 2219 1122 2248 22
1143 2214 1260 2259 partis
1280 2215 1411 2258 scripsi

70 2275 177 2316 pares
207 2272 235 2305 F
273 2274 343 2317 (res
377 2274 418 2307 in
447 2284 517 2308 fras.
551 2284 594 2308 m.
619 2274 663 2317 r.)
699 2262 818 2317 pastis
854 2275 927 2318 (pr,
967 2286 983 2308 s
1021 2276 1061 2308 in
1098 2285 1168 2311 ras.
1207 2273 1329 2316 scrips.
1364 2284 1407 2306 m.

5 2323 11 2376 l
72 2322 115 2363 r.)
149 2332 176 2363 φ
274 2322 328 2354 24.
344 2323 388 2353 25
414 2319 542 2354 fineias
568 2319 626 2354 Fa
723 2323 765 2353 27
792 2319 1019 2365 pinguedine
1046 2322 1068 2355 ὃ
