1591 2556
55 743 89 767 10

0 1041 2 1048 ⁸
56 1038 69 1061 1
74 1037 89 1062 5

5 1332 92 1356 *20

61 1625 93 1649 25

61 1918 95 1943 80

535 96 635 131 CAP.
662 93 1017 129 XXVII—XXVIIII
1360 93 1385 133 2
1393 93 1414 132 7
1421 93 1448 133 ἴ)

106 194 208 235 tatis
246 193 547 246 intercedente,
591 190 703 245 quod
741 191 802 230 ait
839 192 962 231 uetus
1002 189 1295 243 prouerbium,
1339 189 1449 229 inter

107 267 272 294 sacrum
305 256 347 294 et
385 266 532 292 saxum
569 250 735 304 positus
774 248 990 290 cruciabar
1027 263 1103 289 nec
1142 248 1274 289 setius
1306 250 1447 288 tamen

107 311 336 353 identidem
368 310 555 351 numinis
586 308 807 362 premebar
839 307 1051 348 instantia.
1114 307 1282 360 iamque
1315 306 1446 360 saepi-

108 371 201 412 cule
231 384 314 410 non
348 370 436 410 sine
468 382 622 423 magna
659 367 900 408 turbatione
933 366 1196 420 stimulatus,
1232 368 1447 420 postremo

108 430 259 483 iussus,
291 431 408 469 ueste
441 429 532 482 ipsa
563 441 656 468 mea
682 426 877 480 quamuis
909 425 1088 480 paruula
1119 425 1333 478 distracta,
1366 425 1448 466 suf-

106 488 317 529 ficientem
351 487 515 528 conrasi
547 485 812 527 summulam.
864 488 906 525 et
937 485 980 526 id
1012 480 1448 539 ipsum'praeceptum

107 547 245 588 fuerat
276 546 526 600 specialiter.
589 545 657 586 ‘an
695 544 758 585 tu'
796 544 936 598 inquit
968 544 1149 598 ‘siquam
1180 558 1269 584 rem
1302 542 1448 596 uolup-

107 606 187 647 tati
218 605 442 646 struendae
474 604 654 658 moliris,
691 603 857 644 laciniis
889 604 974 644 tuis
1006 617 1272 657 nequaquam
1310 617 1450 656 parce-

107 679 186 719 res,
217 679 329 705 nunc
360 667 500 705 tantas
527 663 802 704 caerimonias
830 662 1020 703 aditurus
1047 661 1383 716 impaenitendae
1409 664 1451 702 te

108 724 324 778 pauperiei
357 723 567 764 cunctaris
599 721 908 763 coniniitte1·e?’

195 782 312 838 Ergo
334 783 466 837 igitur
485 782 647 823 cunctis
663 781 838 821 adfatim
853 780 1126 834 praeparatis,
1147 780 1289 821 decem
1304 794 1450 820 rursus

108 842 256 883 diebus
288 841 486 882 inanimis
518 843 741 882 contentus
780 840 903 893 cibis,
942 840 1115 893 insuper
1146 839 1274 879 etiam
1308 839 1452 879 deraso

109 901 242 954 capite
266 899 512 954 principalis
540 899 607 941 dei
632 899 852 940 nocturnis
879 899 1010 953 orgiis
1038 898 1302 951 inlustratus,
1327 897 1453 952 plena

108 960 191 1000 iam
233 959 388 1000 fiducia
432 973 654 1014 germanae
698 958 917 1013 religionis
963 957 1213 1011 obsequium
1258 957 1449 997 diuinum

108 1018 439 1072 frequentabam.
494 1033 599 1072 quae
631 1032 697 1058 res
731 1031 943 1058 summum
976 1016 1309 1071 peregrinationi
1334 1030 1451 1056 meae

108 1078 323 1118 tribuebat
355 1077 558 1118 solacium
590 1092 666 1117 nec
698 1077 839 1117 minus
872 1076 999 1117 etiam
1026 1076 1187 1116 uictum
1214 1075 1452 1116 uberiorem

110 1136 477 1191 subministrabat,
516 1136 662 1190 quidni
702 1135 854 1189 spiritu
889 1135 1072 1176 fauentis
1103 1134 1298 1175 Euentus
1331 1149 1453 1188 quae-

111 1195 263 1236 sticulo
294 1195 453 1237 forensi
478 1195 640 1236 nutrito
666 1209 741 1248 per
766 1194 1001 1248 patrocinia
1027 1194 1233 1235 sermonis
1258 1193 1452 1234 Romani.

200 1255 256 1309 [p.
272 1254 451 1309 2243]
484 1252 705 1294 XXVIIII.
738 1253 797 1294 Et
817 1268 909 1294 ecce
930 1255 1027 1307 post
1040 1252 1268 1307 pauculum
1282 1256 1453 1306 tempus

111 1313 340 1367 inopinatis
396 1316 438 1354 et
492 1327 794 1367 usquequaque
847 1312 1037 1353 mirificis
1088 1312 1278 1366 imperiis
1329 1312 1452 1353 deum

110 1387 256 1413 rursus
289 1372 536 1426 interpellor
562 1375 603 1412 et
629 1386 756 1426 cogor
776 1372 944 1412 tertiam
972 1386 1139 1425 quoque
1166 1371 1337 1412 teletam
1364 1386 1451 1411 sus-

111 1434 288 1485 ceptare.
351 1447 427 1472 nec
462 1431 547 1472 leui
580 1445 679 1472 cura
711 1430 918 1471 sollicitus
945 1430 1017 1471 sed
1043 1430 1197 1484 oppido
1225 1445 1455 1484 suspensus

112 1491 241 1531 animi
284 1505 449 1531 mecum
501 1491 590 1544 ipse
635 1490 913 1544 cogitationes
957 1489 1182 1530 exercitius
1226 1489 1457 1544 agitabam,

113 1563 292 1603 quorsus
324 1563 435 1590 noua
465 1549 568 1590 haec
594 1552 636 1589 et
662 1549 852 1589 inaudita
879 1563 922 1589 se
948 1548 1191 1589 caelestium
1218 1548 1455 1603 porrigeret

113 1608 310 1662 intentio,
349 1609 451 1662 quid
482 1608 744 1649 subcisiuum
778 1608 972 1662 quamuis
1005 1608 1179 1649 iteratae
1211 1608 1295 1648 iam
1328 1607 1454 1648 tradi-

112 1667 220 1708 tioni
251 1667 532 1708 remansisset.
582 1667 783 1707 nimirum
815 1681 1033 1720 perperam
1066 1667 1135 1708 uel
1166 1667 1307 1707 minus
1332 1666 1455 1721 plene

113 1726 414 1767 consuluerant
446 1726 488 1767 in
526 1741 592 1767 me
631 1726 824 1767 sacerdos
863 1728 1040 1780 uterque
1073 1729 1115 1767 et
1145 1726 1338 1767 hercules
1369 1726 1454 1766 iam

114 1785 163 1825 de
195 1785 277 1825 fide
304 1799 471 1839 quoque
497 1799 644 1826 eorum
671 1785 834 1838 opinari
862 1785 1109 1839 coeptabam
1136 1785 1318 1839 sequius.
1371 1799 1455 1838 quo

112 1859 179 1884 me
221 1844 492 1898 cogitationis
531 1847 650 1885 aestu
690 1844 967 1884 fluctuantem
1006 1844 1058 1884 ad
1095 1844 1230 1884 instar
1268 1843 1456 1884 insaniae

113 1903 320 1956 percitum
366 1903 423 1943 sic
469 1903 673 1944 instruxit
715 1905 923 1943 nocturna
967 1903 1227 1944 diuinatione
1272 1902 1455 1943 clemens

113 1961 252 2016 imago

716 2090 775 2115 leo*

208 2115 226 2145 2
253 2123 406 2146 osaxum
432 2112 515 2154 F1q>
603 2116 646 2145 10
671 2112 888 2156 promittere
916 2126 942 2156 φ
1010 2124 1012 2126 ’
1034 2116 1146 2147 12713
1175 2113 1306 2147 deraso
1333 2113 1455 2157 capite

114 2160 242 2202 scripsi
271 2161 315 2202 cf.
336 2163 451 2194 4317
474 2160 521 2203 (h.
542 2161 583 2201 e.)
610 2159 804 2203 derascapi
829 2159 926 2204 ang
964 2160 1151 2204 deserapis
1180 2162 1202 2194 ὃ
1241 2159 1388 2204 Serapis
1414 2159 1454 2194 E.

116 2205 160 2239 de
190 2205 335 2250 Serapis
370 2207 459 2242 Oud.
559 2210 613 2240 21.
636 2210 678 2239 22
718 2208 930 2251 susceptare
960 2208 1105 2242 Wower.
1146 2206 1325 2241 suscitare
1358 2207 1457 2251 qua

116 2255 159 2286 23
192 2252 383 2297 agitabam
418 2254 508 2289 Oud.
554 2253 767 2298 cogitabam
810 2255 888 2288 cdd.
1010 2258 1053 2288 27
1092 2254 1357 2288 consuluerant
1394 2254 1455 2288 ΒΖ.

116 2322 378 2358 consuluerunt
403 2325 480 2360 cdd.
579 2327 623 2358 30
649 2309 855 2359 cdliistruxit
882 2338 908 2369 φ

1101 2385 1169 2418 18³²
