1591 2556
615 93 716 128 CAP.
743 92 871 126 I——III'
1328 91 1414 132 253

67 191 326 233 lenientibus
357 192 544 232 recreato
575 188 756 243 populos
789 189 931 228 tantos
958 186 1146 229 educasti
1170 187 1416 241 praeclaris-

69 265 151 305 que
183 265 294 291 nunc
331 248 544 291 ueneraris
583 247 769 289 delubris
800 246 963 300 Ephesi
994 271 1052 275 —
1084 261 1157 287 seu
1195 247 1416 288 nocturnis

68 309 303 351 ululatibus
339 307 550 349 horrenda
579 306 836 360 Proserpina
872 305 1058 346 triformi
1096 305 1201 346 facie
1233 305 1415 347 laruales

69 369 254 423 impetus
286 367 568 421 comprimens
594 368 814 419 terraeque
841 364 1026 406 claustra
1058 364 1271 419 cohibens,
1297 364 1416 407 lucos

0 439 1 472 ἕ
32 447 50 473 5
70 427 260 468 diuersos
291 426 482 467 inerrans
513 425 633 467 uario
666 424 783 466 cultu
819 424 1084 478 propitiaris:
1122 423 1206 464 ista
1235 423 1328 465 luce
1359 424 1417 465 fe-

69 486 209 527 minea
240 485 507 526 conlustrans
539 486 690 526 cuncta
726 483 893 524 moenia
931 486 973 524 et
1010 483 1104 524 udis
1137 483 1308 538 ignibus
1343 498 1417 524 nu-

70 545 202 586 triens
233 544 345 586 laeta
377 544 538 585 semina
575 546 618 584 et
649 542 751 584 solis
790 542 1041 596 ambagibus
1074 542 1323 596 dispensans
1355 542 1416 583 in-

70 606 184 645 certa
216 603 378 644 lumina
409 629 467 632 -—
499 617 668 657 quoquo
705 601 876 642 nomine
916 615 1086 655 quoquo
1125 601 1211 642 ritu
1250 616 1419 656 quaqua

68 663 175 704 facie
207 665 248 704 te
280 662 344 703 fas
377 665 442 704 est
479 663 693 703 inuocare:
731 663 778 702 tu
811 660 916 701 meis
948 660 1032 701 iam
1071 675 1183 702 nunc
1215 661 1418 702 extremis

16 742 51 767 10
70 722 283 763 aerumnis
316 722 511 775 subsiste,
542 724 590 761 tu
620 720 836 761 fortunam
869 719 1113 773 conlapsam
1145 720 1339 774 adfirma,
1370 723 1419 761 tu

71 781 210 822 saeuis
242 781 473 822 exanclatis
504 780 671 821 casibus
703 793 879 833 pausam
910 793 1141 832 pacemque
1173 779 1331 820 tribue:
1363 779 1420 820 sit

70 840 176 882 satis
206 839 418 893 laborum,
457 839 513 880 sit
550 839 653 880 satis
691 837 988 892 periculorum.
1053 837 1214 891 depelle
1253 838 1420 892 quadri-

70 899 191 954 pedis
211 899 346 940 diram
365 898 530 951 faciem,
555 898 682 939 redde
707 912 775 938 me
799 897 1045 950 conspectui
1064 911 1268 951 meorum,
1295 897 1420 938 redde

71 973 139 1000 me
170 972 263 999 meo
294 957 438 999 Lucio.
490 972 536 998 ac
567 956 720 1011 siquod
752 957 960 997 offensum
985 970 1142 997 numen
1168 956 1421 997 inexorabili

20 1032 142 1062 151116
185 1017 363 1058 saeuitia
404 1016 577 1070 premit,
620 1015 730 1057 mori
774 1015 924 1056 saltem
964 1014 1090 1056 liceat
1128 1015 1163 1055 si
1201 1030 1286 1057 non
1321 1015 1422 1056 licet

73 1077 332 1130 <hominem>
363 1075 536 1117 uiuere.’

161 1134 238 1176 III.
278 1134 348 1176 Ad
378 1135 509 1176 istum
540 1133 714 1175 modum
745 1133 852 1174 fusis
884 1133 1080 1186 precibus
1119 1135 1162 1174 et
1193 1133 1421 1175 adstructis

74 1194 241 1235 miseris
260 1193 635 1235 lamentationibus
656 1207 803 1233 rursus
822 1192 929 1233 mihi
954 1195 1212 1233 marcentem
1233 1193 1422 1234 animum

75 1254 119 1294 in
151 1253 298 1294 eodem
330 1253 403 1294 illo
436 1252 567 1294 cubili
598 1266 726 1306 sopor
758 1251 1037 1292 circumfusus
1071 1252 1294 1305 oppressit.
1346 1266 1423 1293 nec

21 1332 57 1357 20
77 1313 177 1353 dum
210 1313 313 1353 satis
345 1312 586 1353 coniueram
619 1314 661 1352 et
693 1326 786 1351 ecce
818 1309 969 1364 pelago
995 1310 1133 1351 medio
1161 1311 1423 1352 uenerandos

77 1372 159 1413 diis
195 1371 323 1412 etiam
354 1371 500 1412 uultus
533 1370 731 1411 attollens
770 1370 950 1424 emergit
988 1369 1132 1410 diuina
1167 1370 1308 1411 facies.
1377 1384 1425 1411 ac

74 1430 228 1471 dehinc
265 1430 471 1484 paulatim
510 1432 601 1470 toto
640 1443 814 1483 corpore
846 1428 1110 1482 perlucidum
1149 1429 1423 1470 simulacrum

78 1504 253 1531 excusso
294 1489 444 1544 pelago
486 1491 582 1529 ante
622 1503 690 1529 me
731 1487 973 1529 constitisse
1010 1488 1152 1529 uisum
1190 1491 1265 1529 est.
1334 1488 1424 1530 eius

78 1548 314 1589 mirandam
346 1548 528 1602 speciem
560 1548 613 1588 ad
643 1562 720 1588 uos
753 1547 882 1588 etiam
913 1546 1068 1588 referre
1095 1547 1271 1601 conitar,
1303 1547 1340 1588 si
1365 1550 1425 1588 ta-

23 1626 60 1652 25
79 1622 177 1648 men
201 1607 308 1648 mihi
333 1607 565 1648 disserendi
591 1606 789 1648 tribuerit
814 1606 1060 1647 facultatem
1086 1610 1314 1660 paupertas
1341 1606 1426 1648 oris

78 1666 255 1707 humani
286 1666 356 1707 uel
392 1667 532 1720 ipsum
570 1681 726 1707 numen
766 1665 855 1706 eius
895 1665 1099 1719 dapsilem
1138 1666 1304 1720 copiam
1343 1665 1425 1707 elo-

80 1725 222 1767 cutilis
253 1725 473 1766 facundiae
505 1724 905 1766 subministrauerit.

167 1783 258 1824 Iam
289 1784 475 1837 primum
512 1784 648 1825 crines
686 1783 891 1824 uberrimi
922 1783 1163 1837 prolixique
1195 1786 1237 1825 et
1268 1783 1426 1825 sensim

82 1843 231 1884 intorti
256 1858 332 1897 per
358 1843 502 1883 diuina
527 1843 635 1883 colla
659 1843 829 1896 passiue
858 1842 1037 1896 dispersi
1062 1842 1249 1883 molliter
1275 1843 1426 1884 deflue-

0 1924 2 1933 ›
28 1920 64 1946 30
82 1902 195 1942 bant.
252 1916 408 1943 corona
438 1901 714 1942 multiformis
746 1901 876 1942 uariis
908 1902 1084 1942 floribus
1117 1902 1343 1943 sublimem
1370 1902 1427 1942 di-

82 1961 313 2002 strinxerat
343 1961 564 2015 uerticem,
599 1960 718 2002 cuius
749 1960 889 2001 media
920 1961 1127 2014 quaedam
1159 1975 1286 2017 super
1315 1961 1428 2001 fron-

179 2138 200 2169 6
226 2134 326 2182 udis]
352 2135 462 2170 undis
488 2135 552 2179 Fcp
578 2135 688 2169 nudis
713 2146 780 2181 my.
802 2149 830 2179 q>
899 2139 918 2170 8
946 2147 1057 2180 quaq;
1082 2136 1147 2181 qu
1218 2140 1260 2170 16
1282 2134 1429 2181 <homi-

83 2181 197 2227 nem>
223 2183 362 2217 inserui
438 2186 481 2216 20
509 2182 722 2217 coniueram
746 2183 903 2217 Iuntina
927 2184 972 2226 cf.
996 2187 1049 2218 71.
1065 2187 1109 2217 22
1142 2183 1376 2227 conisperam
1401 2182 1428 2216 F

85 2228 316 2273 conipseram
341 2243 368 2274 φ
407 2234 600 2276 copseram
626 2232 648 2264 δ
741 2234 783 2264 21
813 2229 884 2264 diis
909 2231 1041 2275 scripsi
1065 2232 1110 2274 cf.
1133 2234 1270 2264 106.17
1298 2231 1391 2274 (129.
1407 2233 1427 2264 5

84 2277 117 2310 h.
139 2277 206 2321 ed.)
233 2276 296 2311 di*
321 2277 436 2311 etiam
461 2277 488 2311 F
528 2277 606 2312 deis
634 2277 749 2312 etiam
773 2277 849 2322 φΕ.
949 2281 1002 2312 26.
1020 2282 1061 2312 27
1090 2277 1237 2322 copiam
1255 2288 1278 2312 >ee
1296 2276 1430 2311 locuti-

85 2322 132 2357 lis
157 2323 185 2356 F
223 2323 369 2368 copiam
389 2324 575 2359 elocutilis
601 2339 629 2370 φ
704 2329 746 2360 31
774 2325 960 2369 quaedam
984 2327 1114 2370 scripsi
1148 2324 1299 2369 quidem
1324 2325 1402 2360 edd.
