1591 2556
117 102 174 142 42
693 101 824 136 LIBRI
847 102 881 136 Π

117 199 212 240 ‘tibi
250 198 415 240 iuuenis
459 198 617 253 gratias
661 198 827 253 agimus
864 201 906 240 et
942 198 1133 240 hercules
1173 199 1226 240 ob
1265 198 1459 240 sedulum

117 258 233 300 istud
272 258 557 299 ministerium
594 258 706 298 inter
743 260 904 299 ceteros
941 257 1170 299 familiares
1203 257 1353 300 dehinc
1384 273 1458 300 nu-

115 317 400 358 merabimus.'

204 375 272 417 Ad
307 375 411 416 haec
449 389 526 430 ego
564 375 778 429 insperato
818 375 935 416 lucro
969 375 1146 416 diffusus
1180 376 1223 417 in
1255 375 1457 431 gaudium

117 438 158 476 et
195 435 239 476 in
277 449 425 476 aureos
464 433 734 488 refulgentes,
776 448 881 487 quos
920 434 1150 475 identidem
1193 449 1321 476 manu
1364 449 1457 476 mea
1476 451 1493 477 5

116 494 375 536 uentilabam
403 493 610 534 attonitus
638 493 798 533 ‘immo’
825 493 997 547 inquam
1024 493 1222 548 ‘domina‚
1248 494 1298 535 de
1323 494 1455 535 famu-

113 553 167 594 lis
200 554 285 594 tuis
317 567 449 593 unum
480 553 630 605 putato
662 554 704 592 et
736 552 933 605 quotiens
965 566 1136 606 operam
1166 556 1356 594 nostram
1389 553 1454 593 de<

116 611 332 665 siderabis,
363 611 542 651 fidenter
573 610 761 664 impera.9

204 670 289 711 Vix
321 670 495 711 effatum
526 684 593 710 me
625 670 771 710 statim
807 669 1038 711 familiares
1076 684 1221 711 omnes
1246 670 1455 712 nefarium

115 729 320 771 exsecrati
346 729 479 783 raptis
506 729 710 782 cuiusque
735 729 851 770 modi
876 728 972 770 telis
1000 729 1255 770 insecuntur.
1299 730 1455 784 pugnis
1476 747 1510 771 ιο

113 789 184 830 ille
222 788 355 829 malas
394 788 621 841 offendere,
659 787 852 842 scapulas
891 787 997 828 alius
1030 788 1185 829 cubitis
1224 789 1454 843 inpingere,

113 848 267 902 palmis
299 847 464 888 infestis
496 847 566 888 hic
595 847 729 888 latera
761 847 981 901 suffodere,
1022 847 1207 888 calcibus
1239 847 1454 901 insultare,

114 907 266 961 capillo
294 906 538 959 distrahere,
566 908 729 947 uestem
756 905 1000 947 discindere.
1034 906 1095 947 sic
1120 906 1163 947 in
1190 906 1362 948 modum
1388 921 1454 947 su-

112 966 233 1020 perbi
264 966 430 1007 iuuenis
461 964 576 1006 Aoni
607 965 676 1006 uel
706 967 870 1018 mystae
901 965 1012 1006 uatis
1038 965 1216 1020 Pimplei
1244 965 1453 1007 laceratus

114 1028 239 1079 atque
273 1025 509 1078 discerptus
542 1024 665 1065 domo
697 1024 937 1078 proturbor.
1476 1040 1509 1066 15

201 1082 378 1124 XXVII.
410 1082 473 1124 Ac
495 1083 594 1123 dum
615 1083 657 1123 in
678 1083 872 1136 proxima
891 1083 1031 1136 platea
1050 1083 1246 1124 refouens
1267 1083 1455 1124 animum

112 1143 289 1183 infausti
321 1145 447 1196 atque
479 1142 694 1196 inprouidi
725 1142 931 1183 sermonis
963 1142 1047 1183 mei
1084 1156 1176 1183 sero
1208 1142 1457 1183 reminiscor

113 1202 372 1256 dignumque
410 1216 476 1242 me
515 1201 708 1255 pluribus
753 1200 810 1255 [p.
838 1200 904 1242 35.
928 1200 996 1255 E]
1037 1201 1165 1242 etiam
1208 1201 1455 1242 uerberibus

111 1261 242 1302 fuisse
262 1261 414 1301 merito
435 1260 666 1314 consentio,
692 1274 785 1301 ecce
805 1259 890 1300 iam
910 1260 1110 1301 ultimum
1131 1260 1307 1301 defletus
1328 1262 1454 1314 atque

112 1320 399 1362 conclamatus
431 1322 693 1374 processerat
725 1322 919 1360 mortuus
945 1319 1115 1373 rituque
1141 1319 1279 1373 patrio
1306 1321 1454 1373 utpote
1474 1336 1509 1362 20

111 1394 220 1420 unus
254 1379 302 1420 de
335 1379 613 1433 optimatibus
644 1392 800 1431 pompa
828 1378 989 1419 funeris
1014 1377 1175 1432 publici
1202 1378 1455 1419 ductabatur

111 1453 186 1492 per
216 1438 367 1479 forum.
431 1438 614 1479 occurrit
646 1440 805 1478 atratus
839 1437 1010 1491 quidam
1041 1440 1228 1478 maestus
1260 1437 1304 1477 in
1334 1437 1453 1478 lacri-

111 1498 191 1538 mis
237 1497 445 1551 genialem
495 1496 691 1537 canitiem
741 1496 948 1537 reuellens
996 1510 1123 1537 senex
1173 1498 1215 1537 et
1257 1496 1453 1537 manibus

112 1556 315 1597 ambabus
354 1555 557 1596 inuadens
595 1558 737 1596 torum
781 1569 882 1596 uoce
925 1558 1122 1596 contenta
1167 1555 1336 1609 quidem
1381 1555 1454 1596 sed

111 1615 297 1656 adsiduis
330 1614 589 1669 singultibus
621 1614 825 1668 impedita
863 1614 952 1667 ‘per
989 1614 1115 1655 fidem
1153 1614 1355 1655 uestram’
1393 1614 1453 1655 in·
1474 1631 1507 1656 25

112 1674 205 1729 quit
245 1673 464 1727 Quirites,
504 1688 578 1727 per
618 1673 820 1727 pietatem
859 1672 1072 1727 publicam
1110 1675 1329 1727 perempto
1371 1673 1455 1714 ciui

111 1733 331 1774 subsistite
358 1736 399 1773 et
419 1735 656 1774 extremum
675 1732 839 1772 facinus
861 1732 905 1772 in
924 1732 1129 1773 nefariam
1150 1731 1454 1786 scelestamque

110 1793 237 1833 istam
255 1792 457 1833 feminam
483 1791 686 1833 seueriter
710 1791 933 1832 uindicate.
977 1790 1081 1832 haec
1107 1791 1219 1831 enim
1245 1805 1320 1832 nec
1340 1790 1454 1832 ullus

111 1851 218 1892 alius
260 1851 463 1892 miserum
505 1850 834 1904 adulescentem,
878 1850 1034 1891 sororis
1073 1864 1189 1890 meae
1229 1849 1366 1890 filium
1409 1850 1453 1890 in

206 2041 248 2071 10
281 2036 486 2072 exsecrati*
511 2037 538 2071 F
578 2036 759 2081 exsecrati
785 2050 812 2079 φ
845 2037 890 2080 cf.
912 2040 965 2071 30.
980 2041 1023 2071 25
1122 2040 1164 2070 13
1191 2035 1327 2080 capillo
1354 2035 1452 2081 ang

109 2085 154 2129 ef.
182 2088 296 2119 4215
330 2084 485 2129 capillos
512 2084 588 2119 δΕ,
687 2088 730 2118 14
757 2083 869 2118 adoni
895 2086 936 2117 u'r
961 2082 1186 2141 musteiuarf
1207 2082 1359 2127 pipletis
1385 2083 1450 2127 Fq2

111 2145 246 2189 (plenez
274 2143 373 2178 uatis
401 2145 442 2188 φ)
487 2143 597 2177 Aonii
623 2155 703 2178 cum
729 2143 837 2177 Salm.
865 2142 905 2177 E.
952 2142 1046 2177 Aoni
1072 2143 1208 2177 Petseh.
1305 2143 1449 2186 mystae

109 2192 260 2236 Dz'lthey
286 2191 326 2225 E.
365 2189 508 2225 Musaei
533 2191 704 2225 Beroald.
744 2189 892 2234 mystici
918 2190 1042 2225 Rohde
1137 2188 1296 2233 Pimplei
1321 2190 1451 2234 scripsi

108 2237 266 2283 Pipletis
291 2238 331 2272 E.
430 2241 473 2271 22
500 2239 643 2271 atratus
672 2237 775 2272 Hilcl.
816 2237 991 2271 adhsatus
1017 2237 1084 2281 an
1117 2236 1266 2271 adlatus
1293 2237 1348 2281 dg
1384 2247 1450 2270 an-

108 2285 374 2366 helusFHaupt
470 2287 513 2318 28
539 2284 651 2319 istam
678 2285 716 2319 in
743 2297 769 2328 φ
796 2285 879 2319 add.
907 2296 950 2319 m.
970 2285 1122 2327 fortasse
1143 2285 1267 2328 prima
1345 2293 1450 2318 reue·

108 2332 199 2367 riter
259 2333 324 2376 1φ1
