1591 2556
138 97 223 139 232
712 95 841 130 LIBRI
867 96 899 130 x

137 194 263 235 unico
302 193 365 234 illi
410 192 687 234 contubernio
725 207 989 234 communem
1034 193 1167 234 uitam
1211 192 1478 234 sustinebant

136 267 288 307 meque
315 252 367 292 ad
392 267 493 293 uasa
519 251 592 292 illa
612 251 846 306 compluria
872 251 1077 306 gestanda
1101 251 1475 306 praedestinarant‚

137 326 243 366 quae
276 311 437 352 domini
468 310 662 365 regiones
693 310 908 364 plusculas
940 311 1196 364 pererrantis
1232 311 1364 352 uariis
1394 309 1475 351 usi-

136 371 215 412 bus
248 373 368 412 erant
398 369 644 411 necessaria.
688 369 898 410 adsciscor
929 370 1072 424 itaque
1103 369 1214 410 inter
1245 369 1350 411 duos
1381 368 1476 410 illos

135 430 287 471 fratres
324 429 476 470 tertius
515 428 846 481 contubernalis,
884 428 997 469 haud
1034 428 1121 469 ullo
1159 431 1350 483 tempore
1389 430 1476 469 tam
1514 443 1530 469 5

134 488 375 530 beniuolam
406 487 639 528 Fortunam
671 490 880 541 expertus.
931 502 1028 528 nam
1054 502 1231 542 uespera
1261 490 1359 542 post
1390 486 1476 541 opi-

136 563 259 602 paras
310 561 432 588 cenas
483 546 781 612 epularumque
832 546 1199 600 splendidissimos
1242 549 1476 612 ‘apparatus

138 606 296 647 multas
327 620 503 646 numero
542 607 683 659 partes
715 605 759 646 in
791 605 986 646 cellulam
1019 620 1138 646 suam
1169 605 1253 647 mei
1284 605 1478 647 solebant

134 668 351 731 reportare
384 664 563 706 domini:
597 664 667 705 ille
699 679 923 717 porcorum
959 665 1014 719 [p.
1040 664 1134 705 190.
1160 663 1230 718 E.]
1262 663 1476 718 pullorum

134 724 314 778 piscium
350 727 392 765 et
423 723 707 765 cuiuscemodi
739 723 1055 777 pulmentorum
1086 723 1363 778 largissimas
1380 722 1475 764 reli·
1496 738 1530 762 10

136 783 270 837 quiaS,
300 783 370 824 hic
402 797 530 836 panes
564 782 751 823 ciustula
782 782 1029 823 lucunculos
1067 782 1216 823 hamos
1248 781 1475 823 lacertulos

136 846 178 883 et
220 842 342 896 plura
391 842 643 882 scitamenta
691 841 862 882 mellita.
926 842 999 895 qui
1044 856 1139 882 cum
1183 856 1226 882 se
1277 840 1476 882 refecturi

137 901 279 942 clausa
315 900 467 942 cellula
503 900 674 941 balneas
705 900 929 954 petissent,
963 900 1116 941 oblatis
1156 914 1234 955 ego
1268 900 1475 941 diuinitus

138 960 315 1014 dapibus
343 960 521 1000 adfatim
554 958 789 1013 saginabar.
827 974 903 1000 nec
929 959 1041 1000 enim
1066 962 1153 999 tam
1180 959 1336 1000 stultus
1363 973 1477 1000 eram

136 1023 306 1072 tamque
344 1034 441 1059 uere
481 1018 642 1071 asinus7
674 1020 722 1058 ut
754 1017 1010 1058 dulcissimis
1048 1018 1134 1059 illis
1172 1018 1332 1059 relictis
1370 1017 1476 1059 cibis
1496 1034 1529 1059 15
1589 1046 1591 1056 ⁴

138 1092 329 1119 cenarem
373 1076 652 1131 asperrimum
692 1076 872 1116 faenum.
928 1075 1067 1117 XIIII.
1112 1080 1154 1118 et
1194 1077 1265 1117 diu
1307 1077 1476 1131 quidem
1590 1077 1591 1086 ¹

137 1136 420 1191 pulcherrime
476 1135 583 1176 mihi
637 1135 869 1176 furatrinae
925 1135 1179 1188 procedebat
1240 1135 1478 1189 artificium,

138 1196 294 1250 quippe
321 1195 456 1236 adhuc
488 1193 636 1235 timide
669 1196 711 1234 et
742 1194 845 1234 satis
877 1209 999 1247 parce
1035 1194 1289 1248 subripienti
1315 1195 1364 1235 de
1389 1198 1478 1235 tam

138 1255 285 1296 multis
317 1254 528 1309 pauciora,
560 1268 636 1294 nec
667 1252 752 1293 illis
783 1253 952 1294 fraudes
978 1253 1087 1294 ullas
1118 1254 1162 1294 in
1195 1253 1311 1294 asino
1344 1253 1478 1307 suspi-

138 1314 342 1355 cantibus.
394 1316 437 1354 at
468 1313 542 1354 ubi
573 1311 727 1353 fiducia
758 1311 917 1353 latendi
954 1311 1143 1366 pleniore
1175 1315 1297 1366 capta
1334 1315 1476 1366 partes
1497 1329 1532 1354 20
1584 1322 1586 1364 ᾗ

138 1373 300 1427 opimas
333 1387 521 1427 quasque
560 1371 813 1412 deuorabam
847 1374 888 1411 et
924 1371 1174 1413 iucundiora
1211 1371 1371 1426 eligens
1409 1371 1477 1412 ab·

137 1432 388 1487 ligurribam
421 1431 612 1484 dulciter,
644 1430 828 1483 suspicio
861 1444 947 1471 non
979 1430 1101 1471 exilis
1133 1430 1312 1471 fratrum
1343 1445 1476 1484 pupu-

139 1491 203 1546 git
234 1491 397 1531 animos
430 1493 471 1531 et
504 1503 744 1544 quanquam
777 1489 826 1530 de
858 1503 925 1529 me
962 1489 1071 1530 nihil
1102 1489 1244 1545 etiam*
1269 1492 1361 1530 tum
1393 1489 1477 1530 tale

139 1550 373 1603 crederent,
405 1552 547 1590 tamen
580 1548 780 1589 cotidiani
813 1547 955 1588 damni
987 1548 1175 1590 studiose
1206 1548 1478 1603 uestigabant
1583 1587 1585 1590 Α

138 1624 256 1649 reum
267 1642 277 1663 7
308 1609 431 1650 immo
463 1622 563 1648 uero
595 1609 811 1660 postremo
845 1606 972 1647 etiam
1003 1610 1151 1648 mutuo
1185 1622 1275 1648 sese
1307 1607 1477 1661 rapinae
1499 1624 1533 1650 25

138 1668 408 1721 turpissimae
431 1665 774 1708 criminabantur.
814 1665 981 1720 iamque
1003 1680 1146 1706 curam
1168 1666 1480 1721 diligentiorem

141 1729 183 1768 et
215 1727 419 1768 acriorem
451 1724 711 1767 custodelam
739 1727 780 1765 et
812 1724 1192 1766 dinumerationem
1225 1725 1481 1766 adhibebant

139 1785 336 1839 partium.
392 1785 562 1826 tandem
601 1784 780 1837 denique
818 1786 944 1837 rupta
982 1784 1235 1825 uerecundia
1275 1784 1335 1825 sic
1376 1783 1481 1825 alter

145 1845 324 1885 alterum
357 1843 583 1898 compellat

1045 1932 1095 1949 1⁸80

246 1964 266 1994 2
299 1959 624 2005 praedestinarant
655 1970 730 1993 non
761 1960 869 1994 mirer
893 1960 926 1993 si
957 1971 1000 1994 eae
1023 1932 1282 1993 pdestinarant
1312 1959 1482 1993 coalitum

141 2009 188 2042 sit
262 2011 281 2041 3
309 2005 748 2051 domini—pererrantis
776 2019 803 2049 φ
837 2005 1344 2050 dominis—pererrantibus
1369 2005 1397 2039 F
1421 2007 1482 2040 sed

143 2067 187 2089 επ
212 2065 300 2090 corr.
327 2066 413 2089 nam
438 2055 522 2088 olim
547 2054 621 2096 fuit
654 2052 1091 2098 domini--pererrantis
1165 2057 1183 2087 7
1216 2051 1480 2096 epularumque

144 2103 274 2146 scripsi
299 2112 498 2144 earumque
524 2100 552 2134 F
597 2110 796 2143 eorumque
823 2114 850 2144 φ
895 2099 1131 2143 conuiuiique
1156 2101 1363 2134 dubitanter
1390 2099 1480 2134 Oud.

145 2154 188 2183 10
229 2147 479 2183 cuiuscemodi
518 2147 546 2180 F
597 2146 821 2181 eiuscemodi
860 2160 887 2191 φ
937 2146 1192 2181 huiuscemodi
1228 2147 1251 2180 ὃ
1305 2146 1481 2190 cuiusque

144 2196 246 2230 modi
281 2196 321 2230 E.
409 2199 449 2228 11
484 2193 699 2228 lucunculos
732 2194 824 2228 Scal.
875 2194 1104 2228 lucuncullos
1137 2195 1159 2228 δ
1206 2192 1422 2228 iucunculos
1453 2193 1481 2227 F

176 2252 215 2269 cu

141 2277 316 2322 innculos
342 2291 369 2322 φ
467 2280 508 2311 21
537 2287 628 2320 quas
655 2283 685 2317 φ
783 2280 827 2309 22
854 2276 1011 2310 dulciter
1040 2276 1129 2311 Oud.
1165 2275 1290 2310 dulcia
1314 2276 1410 2320 Ρφδ
1435 2276 1480 2319 cf.

146 2329 199 2359 27.
222 2329 265 2359 25
365 2328 407 2358 25
434 2323 546 2358 immo
572 2333 659 2357 uero
685 2323 814 2366 seo-ipso·
838 2324 881 2362 ef.
912 2327 987 2357 191.
1010 2327 1050 2357 31
1090 2322 1147 2356 illi
1173 2333 1259 2357 uero
1286 2324 1363 2358 edd.
