1591 2556
146 105 167 145 1
177 104 197 144 1
205 105 229 145 8
726 104 855 139 LIBRI
880 105 913 140 V

144 200 371 255 supercilio
404 203 565 242 tantam
598 203 865 242 uenustatem
897 200 1144 243 micantium
1177 200 1394 242 oculorum
1421 215 1485 242 co-

142 260 340 302 herceret.
392 262 435 301 at
461 260 534 301 illa
559 260 797 314 ‘oportune’
824 260 963 314 inquit
990 260 1170 301 eardenti
1194 274 1368 314 prorsus
1400 260 1484 301 isto
1571 274 1581 315 ς

135 319 292 372 pectori
333 333 418 361 meo
462 319 708 360 uiolentiam
753 319 914 360 scilicet
956 321 1273 373 perpetraturae
1315 319 1484 360 uenitis.
1579 320 1581 331 '

144 378 217 418 sed
248 378 363 432 totis,
396 392 481 431 oro,
507 378 660 419 uestris
687 378 850 419 uiribus
876 377 1081 432 Psychen,
1113 378 1230 419 illam
1255 378 1483 432 fugitiuam
1579 427 1581 433 .

142 436 382 490 uolaticam,
414 437 520 477 mihi
546 437 757 492 requirite.
808 452 884 478 nec
910 437 1022 478 enim
1057 451 1134 478 uos
1160 437 1307 491 utique
1333 436 1483 478 domus
1522 454 1537 480 5
1568 445 1581 466 '³

142 510 259 536 meae
302 496 466 536 famosa
508 496 651 537 fabula
700 499 741 537 et
784 495 1198 549 11Q12,.-.(lisse.lldi.,...filfi
1241 496 1325 537 mei
1373 496 1486 536 facta
1580 495 1581 498 '

141 554 386 595 latuerunt.'

231 613 349 654 Tunc
375 613 472 655 illae
504 614 640 668 <ηοη>
672 614 855 669 ignarae,
888 629 994 668 quae
1026 616 1146 669 gesta
1171 616 1282 668 sunt,
1313 613 1485 668 palpare
1579 660 1581 669 Ι

141 671 320 713 Veneris
347 673 452 713 iram
479 672 734 714 saeuientem
762 673 821 714 sic
842 673 1012 714 adortae
1039 672 1156 727 ‘quid
1182 672 1277 727 tale,
1304 672 1494 727 domina,v
1567 685 1582 725 ,ᾗ

142 731 320 786 deliquit
352 734 451 773 tuus
476 731 591 772 filius
623 734 671 773 ut
698 733 837 773 animo
864 732 1073 786 peruicaci
1099 731 1342 786 uoluptates
1368 731 1484 772 illius
1505 749 1539 774 ιο
1563 734 1583 799 gf

141 790 367 845 impugnes
406 794 448 832 et
480 805 606 845 quam
644 791 716 832 ille
749 791 890 846 diligit
928 795 974 832 tu
1012 805 1180 846 quoque
1210 790 1384 844 perdere
1417 804 1484 845 ge-

143 850 276 890 stias?
310 850 423 904 quod
450 852 602 903 autem,
635 865 816 905 oramus,
848 851 918 891 isti
947 850 1105 891 crimen
1134 850 1170 890 si
1196 849 1360 903 puellae
1384 848 1486 903 lepi-

142 909 216 950 dae
262 909 444 950 libenter
487 909 664 949 adrisit?
727 924 780 950 an
824 909 993 964 ignoras
1033 924 1128 950 eum
1166 908 1401 949 masculum
1445 910 1488 949 et

139 967 338 1009 iuuenem
376 983 467 1009 esse
504 968 573 1009 uel
611 970 723 1009 certe
755 968 838 1009 iarn
878 971 982 1022 quot
1019 969 1076 1009 sit
1113 982 1319 1009 annorum
1353 966 1487 1008 oblita

141 1026 213 1067 es?
271 1042 323 1068 an
362 1027 475 1080 quod
513 1029 693 1068 aetatem
725 1029 869 1081 portas
900 1027 1074 1081 bellule,
1111 1026 1233 1081 <ill-e>
1270 1040 1374 1080 puer
1404 1025 1485 1066 tibi
1504 1028 1566 1068 15'

139 1100 307 1139 semper
338 1085 535 1126 uidetur?
574 1088 709 1126 mater
741 1088 881 1127 autem
914 1089 960 1126 tu
994 1089 1035 1126 et
1066 1088 1283 1140 praeterea
1314 1084 1486 1126 cordata

138 1144 293 1185 mulier
329 1144 408 1185 filii
441 1144 505 1185 tui
536 1144 654 1186 lusus
693 1159 859 1199 semper
891 1144 1130 1198 explorabis
1173 1144 1335 1185 curiose
1368 1145 1410 1185 et
1441 1143 1485 1184 in

140 1218 188 1244 eo
219 1203 432 1245 luxuriem
465 1203 656 1257 culpabis
689 1206 731 1244 et
763 1218 926 1244 amores
958 1204 1150 1244 reuinces
1182 1206 1224 1244 et
1252 1205 1348 1244 tuas
1373 1205 1485 1244 artes

138 1265 318 1316 tuasque
352 1262 523 1304 delicias
562 1263 604 1303 in
637 1263 853 1304 formonso
894 1262 982 1303 filio
1014 1261 1326 1316 reprehendes?
1389 1262 1484 1316 quis
1556 1309 1557 1313 Ἰ

139 1324 281 1362 autem
313 1324 355 1362 te
388 1322 525 1375 deum,
566 1321 660 1375 quis
691 1321 913 1363 hominum
950 1322 1137 1376 patietur
1173 1321 1332 1375 passim
1371 1320 1483 1375 cupi·
1503 1339 1537 1363 20

139 1381 257 1422 dines
289 1380 459 1435 populis
491 1381 849 1435 disseminaffiem,
881 1395 977 1422 cum
1009 1384 1106 1422 tuae
1138 1381 1288 1421 domus
1320 1394 1483 1421 amores

139 1454 279 1480 amare
306 1439 527 1481 coherceas
554 1442 595 1481 et
614 1439 817 1481 uitiorum
837 1439 1109 1481 muliebrium
1129 1438 1341 1494 publicam
1358 1453 1484 1493 prae-

139 1499 283 1540 eludas
316 1498 575 1539 officinam?

229 1558 286 1611 [p.
308 1558 374 1598 98.
400 1557 469 1611 E]
535 1557 604 1599 Sic
648 1557 744 1598 illae
788 1560 905 1598 metu
949 1557 1202 1612 sagittarum
1246 1557 1483 1610 patrocinio

141 1617 328 1671 gratioso
362 1616 557 1670 Cupidini
593 1616 788 1670 quamuis
820 1617 985 1658 absenti
1016 1615 1353 1661 blandiebantur.
1411 1616 1484 1657 sed
1502 1631 1537 1658 25

140 1674 286 1716 Venus
323 1675 544 1730 indignata
581 1675 756 1716 ridicule
794 1676 966 1717 tractari
1011 1690 1108 1716 suas
1152 1674 1327 1716 iniurias
1368 1690 1483 1730 prae-

140 1734 276 1775 uersis
320 1734 405 1775 illis
444 1735 526 1775 alte
565 1735 749 1789 †rursus
788 1735 952 1776 concito
992 1734 1124 1789 gradu
1174 1734 1325 1789 pelago
1369 1734 1484 1775 uiam

141 1794 334 1847 capessit.

251 1925 270 1954 3
308 1920 451 1965 pectori
477 1932 558 1955 meo
596 1921 726 1965 scripsi
756 1921 801 1964 cf.
829 1925 883 1955 99.
899 1924 937 1965 3,
975 1921 1162 1966 yenetiuus
1204 1921 1485 1964 perpetraturae

142 1968 192 2002 ad
212 1979 317 2012 pron.
340 1980 434 2013 pers.
461 1970 557 2013 quod
583 1969 667 2003 latet
692 1969 731 2002 iaz
763 1979 844 2002 meo
867 1969 1046 2013 pertinere
1070 1968 1217 2002 uidetur
1252 1977 1333 2001 meo
1359 1979 1393 2012 p.
1420 1967 1485 2012 Fcp

143 2014 364 2049 uiolentiam
396 2015 456 2049 F&
498 2015 680 2050 uiolentia
712 2029 739 2059 φ
784 2014 952 2049 uolentia
977 2014 1018 2049 E.
1050 2015 1093 2058 ef.
1120 2017 1197 2048 208.
1216 2018 1257 2048 17
1373 2018 1393 2049 6
1431 2013 1486 2048 fa-

143 2085 245 2119 buba
271 2085 298 2119 F
325 2070 468 2129 famulg.
493 2100 521 2129 φ
598 2089 617 2119 8
644 2085 774 2133 (non)
802 2086 856 2120 W.
884 2086 928 2129 cf.
950 2088 1064 2119 9312
1139 2088 1181 2119 15
1206 2086 1333 2129 portas
1358 2085 1488 2129 scripsi

143 2134 270 2176 portat
299 2134 378 2168 cdd.
455 2132 575 2180 (ille)
602 2134 740 2167 inserui
846 2136 888 2167 18
914 2134 1070 2167 remetes
1097 2133 1119 2166 ὃ
1215 2136 1258 2165 22
1291 2131 1487 2166 coherceas

145 2180 228 2223 Fq>¹
307 2183 350 2214 ‘27
378 2180 453 2214 alte
479 2191 604 2214 rursus
630 2180 726 2224 Ῑῗφδ
758 2179 936 2214 altrorsus
962 2180 1002 2215 Ε,
1029 2180 1074 2223 cf.
1090 2182 1167 2213 171.
1184 2182 1227 2213 28
1260 2178 1487 2213 altrouorsus

150 2227 290 2262 Traube
