1591 2556
151 98 235 139 134
716 97 844 132 LIBRI
868 97 918 132 VI

145 195 197 235 ad
235 194 448 235 armillum
487 195 596 236 redit
640 194 802 248 alisque
838 194 1081 248 pernicibus
1125 193 1229 235 caeli
1266 195 1487 247 penetrato

144 254 302 294 uertice
335 267 490 308 magno
519 253 612 294 Ioui
645 253 855 307 supplicat
887 268 1090 307 suamque
1122 267 1291 293 causam
1322 252 1487 306 probat.

144 316 245 354 tunc
275 311 468 367 Iuppiter
499 313 706 366 prehensa
739 312 959 366 Cupidinis
990 311 1169 353 buccula
1193 326 1403 365 manuque
1436 311 1488 352 ad

144 387 190 413 os
224 386 347 413 suum
380 372 513 413 relata
545 372 764 412 consauiat
797 374 922 425 atque
954 371 1014 412 sic
1047 371 1099 411 ad
1130 370 1251 411 illum
1283 370 1399 411 ‘licet
1423 370 1487 411 tu’

143 431 284 485 inquit
316 431 500 472 ‘domine
531 430 612 484 fili,
644 445 860 484 nunquam
892 430 998 470 mihi
1030 444 1230 471 concessu
1263 429 1387 470 deum
1420 429 1486 470 de·
1525 445 1541 471 ⁵
1589 451 1591 464 ι

144 493 304 531 cretum
338 490 519 530 ser-uaris
551 489 768 543 honorem,
800 489 873 531 sed
905 489 1020 530 istud
1044 491 1191 543 pectus
1217 503 1371 542 meum,
1404 502 1487 542 quo

141 549 258 603 leges
292 549 596 590 elementorum
630 551 672 589 et
703 549 817 589 uices
850 548 1036 589 siderum
1068 548 1362 602 disponuntur⁷
1394 561 1488 588 con-

142 608 381 649 uulneraris
414 608 595 649 assiduis
627 607 783 648 ictibus
810 608 1051 661 crebrisque
1084 610 1274 648 terrenae
1298 606 1489 647 libidinis

142 667 380 708 foedaueris
424 667 591 708 casibus
635 669 864 721 contraque
909 666 1023 721 leges
1071 669 1113 707 et
1157 666 1292 720 ipsam
1335 664 1488 706 Iuliam

143 725 494 780 disciplinamque
526 726 740 780 publicam
782 725 979 779 turpibus
1018 725 1237 766 adulteriis
1275 724 1488 766 existima·
1509 741 1544 764 ιο
1587 765 1588 768 ,

142 786 301 826 tionem
333 786 574 839 famamque
606 800 743 826 meam
769 785 954 838 laeseris7
986 785 1030 825 in
1056 786 1273 838 serpentes
1299 784 1342 824 in
1369 783 1489 838 ignes

142 845 186 885 111
218 845 330 885 feras
363 845 405 885 in
439 859 537 885 aues
565 848 607 885 et
633 844 821 899 gregalia
847 859 979 897 pecua
1005 858 1174 885 serenos
1201 843 1347 884 uultus
1372 856 1490 883 meos

145 903 313 945 sordide
344 903 630 957 reformando
670 907 713 944 at
744 906 885 944 tamen
916 903 1148 944 modestiae
1180 917 1297 943 meae
1328 915 1492 942 memor

143 963 339 1017 quodque
373 963 483 1003 inter
515 963 618 1003 istas
651 977 765 1003 meas
796 977 947 1003 manus
980 962 1180 1015 ereum-is,
1213 963 1364 1002 cuncta
1400 975 1490 1014 per-

141 1022 294 1075 ficiam,
329 1022 427 1062 dum
460 1024 601 1062 tamen
629 1022 736 1062 scias
763 1021 951 1062 aemulos
978 1023 1074 1062 tuos
1101 1035 1248 1062 cauere
1275 1035 1333 1073 ac⁷
1365 1020 1488 1073 siqua
1507 1034 1540 1060 15
1588 1040 1591 1063 c

142 1096 254 1121 nunc
286 1081 329 1120 in
356 1080 480 1121 terris
506 1080 647 1134 puella
672 1080 906 1134 praepollet
934 1079 1263 1134 pulchritudine,
1294 1093 1488 1133 praesen-

141 1140 197 1181 tis
229 1140 423 1180 beneficii
455 1140 591 1180 uicem
623 1154 698 1193 per
730 1154 821 1180 eam
852 1139 959 1179 mihi
993 1154 1215 1193 repensare
1241 1141 1283 1179 te
1310 1137 1488 1179 debere.'

228 1197 386 1240 XXIII.
439 1197 508 1239 Sic
540 1199 653 1239 fatus
685 1198 803 1239 iubet
834 1197 1091 1239 Mercurium
1125 1198 1225 1239 deos
1258 1211 1403 1238 omnes
1436 1196 1489 1237 ad

141 1258 381 1299 contionem
407 1258 602 1311 protinus
629 1272 861 1299 conuocare
888 1272 935 1298 ac
961 1257 1073 1311 siqui
1100 1259 1222 1298 coetu
1243 1256 1489 1297 caelestium

143 1317 363 1370 defuisset,
395 1317 438 1357 111
470 1331 649 1370 poenam
684 1317 825 1358 decem
857 1316 1024 1357 milium
1056 1330 1278 1357 nummum
1311 1329 1488 1356 001111011-
1509 1330 1544 1354 20

141 1380 233 1417 tum
260 1377 312 1416 iri
338 1376 625 1430 pronuntiare.
671 1391 754 1430 quo
782 1378 897 1417 metu
926 1376 982 1430 [p.
1001 1375 1178 1429 111.E.]
1206 1374 1352 1416 statim
1379 1388 1489 1415 com-

141 1436 256 1490 pleto
291 1435 461 1476 caelesti
493 1435 660 1475 theatro
687 1450 763 1488 pro
791 1435 887 1476 sede
915 1434 1088 1476 sublimi
1115 1434 1264 1475 sedens
1289 1447 1492 1487 procerus

141 1495 339 1548 Iuppiter
372 1494 431 1535 sic
465 1494 658 1534 enuntiat

235 1553 335 1595 ‘Dei
369 1553 597 1607 conscripti
628 1552 847 1593 Musarum
880 1553 988 1606 albo,
1021 1551 1329 1593 adulescentem
1362 1551 1493 1591 istum

143 1613 257 1668 quod
302 1612 498 1653 manibus
542 1612 648 1653 meis
692 1612 933 1652 alumnatus
985 1611 1083 1664 sim,
1132 1611 1322 1665 profecto
1372 1609 1491 1650 scitis
1511 1623 1545 1649 25
1588 1645 1591 1654 ‚

144 1687 303 1725 01111103,
330 1671 449 1712 0111113
475 1671 637 1725 primae
663 1671 898 1712 iuuentutis
925 1670 1134 1711 caloratos
1160 1670 1345 1723 impetus
1371 1669 1491 1709 freno

145 1732 327 1786 quodam
355 1729 636 1771 cohercendos
664 1730 916 1771 existimaui.
963 1732 1028 1770 sat
1054 1732 1119 1770 est
1145 1728 1369 1770 cotidianis
1395 1742 1492 1768 eum

142 1790 301 1831 fabulis
336 1789 389 1830 ob
423 1789 630 1830 adulteria
656 1791 913 1843 cunctasque
941 1788 1201 1842 corruptelas
1228 1787 1492 1828 infamatum.

143 1849 330 1890 tollenda
369 1852 433 1889 est
465 1849 602 1889 omnis
636 1849 799 1889 occasio
840 1851 881 1889 et
911 1847 1081 1888 luxuria
1118 1846 1294 1901 puerilis
1326 1845 1492 1900 nuptia—

142 1909 256 1950 libus
288 1907 447 1962 pedicis
491 1907 713 1962 alliganda.
776 1907 960 1961 puellam
1000 1906 1128 1961 elegit
1166 1908 1208 1947 et
1244 1905 1547 1960 uirginitatem

146 1968 351 2021 priuauit:
397 1969 538 2007 teneat
569 1966 802 2020 possideat,
844 1966 1063 2019 amplexus
1095 1964 1290 2019 Psychen
1328 1978 1495 2017 semper

148 2027 237 2067 suis
272 2025 487 2067 amoribus
513 2025 783 2079 perfruatur.’
816 2028 858 2065 et
884 2025 936 2065 ad
961 2024 1168 2065 Venerem
1196 2023 1363 2064 conlata
1387 2022 1494 2064 facie

148 2086 240 2126 ‘nec
261 2085 324 2125 tu’
345 2084 485 2138 inquit
513 2085 627 2138 ε11113,
654 2084 879 2138 quicquam
909 2084 1157 2125 contristere
1177 2097 1252 2123 nec
1272 2081 1494 2136 prosapiae

242 2192 262 2222 3
295 2188 375 2233 pff-a
409 2202 436 2233 φ
536 2193 576 2222 11
610 2187 649 2221 in
681 2187 816 2222 imbres
849 2189 942 2223 Iahn
987 2187 1026 2221 in
1058 2197 1192 2231 cycnos
1224 2186 1263 2219 111
1294 2185 1391 2220 feras
1426 2184 1495 2219 im-

147 2247 275 2271 manes
309 2236 451 2278 Rohde,
483 2237 544 2270 sed
574 2236 618 2278 cf.
656 2235 759 2269 Ouid.
794 2235 883 2270 Met.
911 2235 970 2269 VI.
995 2238 1072 2278 113,
1111 2234 1187 2268 Sz'd.
1221 2234 1341 2278 Apoll.
1375 2232 1493 2267 Carm.

148 2288 209 2375 1152
228 2287 318 2375 1Ἐ716φ
371 2287 414 2317 -24
441 2282 717 2317 adolescentem
744 2282 770 2315 F
851 2286 894 2316 ‘25
922 2281 991 2315 sim
1016 2281 1096 2325 F¹q2
1125 2280 1173 2315 sit
1198 2280 1245 2314 ΕΞ
1317 2283 1361 2314 33
1386 2279 1495 2324 piosa
