1591 2556
515 77 615 113 CAP.
642 76 995 112 xxxx-xxxxii
1321 76 1405 116 221

57 191 148 229 1103,
180 190 286 230 quos
318 174 549 216 occultaret
581 174 692 228 apud
724 188 767 215 se
800 175 913 214 certo
946 173 1115 226 certius,
1149 173 1299 214 dedere
1332 186 1404 226 po-

58 234 146 276 tius
179 249 305 289 quam
338 234 563 275 discrimen
600 232 760 287 proprii
799 232 961 273 subiret
1000 231 1162 285 capitis.
1225 246 1300 272 nec
1334 231 1405 272 ille

59 293 276 335 tantillum
308 293 564 334 conterritus
590 291 800 345 salutique
827 291 1001 332 studens
1035 290 1092 345 [p.
1111 289 1289 344 181.E.]
1317 290 1407 331 eius

61 367 188 407 quem
218 352 263 393 in
294 367 414 393 suam
445 353 660 405 receperat
689 350 829 403 fidem,
862 350 1089 404 quicquam
1122 349 1171 390 de
1200 349 1324 390 nobis
1351 349 1407 389 fa-

22 429 41 453 5
62 414 177 453 tetur
204 426 251 452 ac
277 411 425 452 diebus
451 409 655 465 plusculis
680 424 757 450 nec
783 408 941 450 uidisse
969 408 1139 463 quidem
1166 407 1287 449 illum
1312 407 1409 448 hor-

63 470 256 511 tulanum
277 469 504 511 contendit.
555 471 700 510 contra
725 467 1035 509 commilitones
1062 467 1122 508 ibi
1145 482 1222 508 nec
1241 467 1408 533 uspiam

62 529 220 583 <al2bi>
262 528 383 569 illum
425 528 666 570 delitescere
708 527 950 568 adiurantes
991 527 1163 582 genium
1204 526 1410 581 principis

62 588 381 629 contendebant.
438 590 699 641 postremum
731 586 1054 641 magistratibus
1087 585 1248 652 placuit
1280 585 1408 626 obsti-

61 650 158 688 nate
191 647 468 702 denegantem
506 645 709 688 scrutinio
754 645 959 700 detegere.
1023 645 1226 686 immissis
1266 645 1409 698 itaque

8 724 43 748 ιο
62 706 285 748 lictoribus
342 706 575 760 ceterisque
631 704 814 759 publicis
871 704 1121 745 ministeriis
1174 703 1409 759 angulatim

63 767 214 806 cuncta
245 764 672 819 sedulo-perlustrari
709 763 869 804 iubent.
931 777 1007 804 nec
1040 763 1267 817 quisquam
1299 777 1408 803 11101·-

61 824 212 865 talium
239 839 285 865 ac
311 839 362 865 ne
389 824 478 877 ipse
506 823 675 877 quidem
703 823 846 863 asinus
873 823 984 863 intra
1010 821 1140 863 limen
1167 837 1409 876 comparere

61 883 293 924 nuntiatur.
355 881 571 923 XXXXH.
610 885 711 923 tunc
743 882 886 936 gliscit
918 881 1147 923 uiolentior
1178 881 1410 935 utrimque-

62 957 182 984 secus
224 942 455 983 contentio:
496 941 682 982 militum
720 956 796 995 pro
836 943 1054 995 comperto
1094 940 1142 981 de
1181 940 1304 981 nobis
1344 940 1411 980 ad-

9 1017 43 1043 15
63 1001 350 1042 seuerantium
375 1001 586 1054 fidemque
608 999 798 1041 Caesaris
825 1000 1056 1041 identidem
1078 999 1412 1053 implorantium,

65 1062 108 1101 at
139 1059 253 1101 illius
285 1060 481 1114 negantis
514 1059 770 1113 adsidueque
804 1059 928 1100 deum
960 1073 1117 1100 numen
1146 1058 1411 1099 obtestantis.

66 1134 149 1174 qua
180 1119 449 1160 contentione
482 1121 523 1159 et
562 1118 744 1159 clamoso
778 1118 958 1172 strepitu
992 1118 1181 1172 cognito⁷
1220 1117 1411 1158 curiosus

66 1177 255 1232 alioquin
288 1180 329 1218 et
361 1177 540 1231 inquieti
571 1177 827 1231 procacitate
859 1176 1076 1231 praeditus
1110 1176 1272 1230 asinus,
1311 1177 1411 1217 dum

67 1237 284 1291 obliquata
324 1237 485 1278 ceruice
525 1251 600 1290 per
641 1236 851 1290 quandam
892 1235 1168 1277 fenestrulam
1211 1235 1412 1290 quidnam

11 1313 47 1349 20
66 1296 148 1337 sibi
180 1296 309 1337 uellet
338 1295 546 1337 tumultus
573 1295 644 1336 ille
670 1295 910 1349 prospicere
937 1295 1086 1350 gestio,
1119 1310 1228 1336 1111113
1255 1309 1276 1335 e
1304 1309 1411 1336 com-

66 1355 332 1396 militonibus
365 1369 463 1395 casu
495 1354 672 1395 fortuito
707 1354 946 1395 conlimatis
981 1354 1113 1395 oculis
1141 1354 1192 1394 ad
1218 1354 1412 1394 umbram

65 1428 202 1455 meam
234 1416 407 1455 cunctos
439 1416 622 1454 testatur
647 1413 845 1454 incoram.
896 1427 1076 1468 magnus
1105 1413 1284 1467 denique
1318 1427 1412 1453 con-

66 1473 185 1514 tinuo
228 1473 385 1514 clamor
426 1475 597 1513 exortus
639 1474 703 1513 est
741 1475 782 1513 et
820 1472 1001 1513 emensis
1042 1475 1246 1526 protenus
1288 1472 1413 1512 scalis

67 1532 221 1573 iniecta
263 1547 390 1572 manu
433 1532 603 1585 quidam
644 1546 710 1572 me
755 1531 873 1572 uelut
913 1531 1131 1585 captiuum
1174 1530 1412 1572 detrahunt.

13 1607 47 1633 25
67 1591 234 1644 iamque
266 1591 381 1632 omni
413 1591 580 1631 sublata
612 1590 880 1631 cunctatione
906 1590 1198 1644 scrupulosius
1231 1592 1413 1631 contem-

68 1649 233 1704 plantes
265 1649 443 1704 singula,
476 1650 581 1690 cista
613 1649 740 1690 etiam
767 1649 840 1690 illa
866 1649 1053 1691 reuelata
1079 1652 1294 1703 repertum
1320 1663 1414 1703 pro-

70 1708 325 1763 ductumque
364 1712 404 1749 et
442 1708 631 1749 oblatum
668 1708 990 1764 maoistratibus
1029 1709 1231 1750 miserum
1269 1708 1414 1749 hortu-

67 1767 230 1821 lanum,
273 1782 429 1821 poenas
473 1767 633 1809 scilicet
671 1767 806 1821 capite
844 1782 1076 1822 pensurum
1114 1768 1158 1808 in
1195 1767 1414 1821 publicum

70 1826 281 1868 deducunt
314 1841 520 1868 carcerem
559 1841 808 1881 summoque
846 1827 935 1868 risu
966 1842 1108 1868 meum
1140 1828 1414 1881 prospectum

17 1902 51 1927 30
71 1885 261 1927 cauillari
298 1900 383 1926 non
421 1885 628 1926 desinunt.
696 1885 806 1926 unde
848 1886 976 1927 etiam
1018 1886 1067 1926 de
1104 1888 1332 1940 prospectu
1374 1888 1416 1926 et

71 1944 221 1985 umbra
252 1944 361 1985 asini
392 1947 539 1985 natum
571 1947 635 1985 est
665 1944 863 1998 frequens
894 1945 1181 1998 prouerbium.

170 2040 188 2070 7
210 2036 360 2083 <alibi>
381 2038 518 2072 'inserui
537 2038 581 2080 cf.
598 2041 652 2071 25.
669 2041 729 2080 23;
751 2040 805 2071 35.
823 2041 882 2080 103
904 2040 958 2071 97.
976 2041 1012 2079 23
1037 2041 1115 2072 196.
1131 2041 1150 2071 6
1177 2036 1327 2090 (alias)
1343 2037 1414 2070 Lu.

76 2110 119 2141 16
146 2107 194 2141 ad
219 2107 283 2152 qu
384 2112 424 2142 17
453 2107 689 2142 contentione
716 2121 743 2152 φ
785 2107 956 2142 0011110110
982 2108 1010 2141 F
1110 2111 1153 2141 23
1185 2093 1361 2152 protenus
1388 2107 1415 2140 F

75 2157 117 2188 31
145 2155 383 2199 subscriptum
408 2156 448 2190 in
474 2155 501 2188 F
534 2156 606 2199 figo
638 2154 823 2188 sallustius
849 2154 926 2200 legi
952 2155 981 2189 Sc
1007 2155 1157 2190 effidaui
1189 2165 1289 2189 rome
1315 2153 1414 2188 felix.

76 2200 197 2235 Ohb1o
232 2200 261 2234 86
297 2202 477 2249 gbmojue
516 2202 611 2236 cons.
648 2202 690 2236 In
726 2201 805 2236 foro
842 2202 975 2236 martis
1006 2200 1167 2236 Etrofismi
1208 2201 1422 2236 declamans

78 2250 216 2282 oratori
252 2249 478 2284 endelechio.
503 2250 507 2295 Ι
530 2249 665 2283 Rursus
691 2248 958 2294 Estantmupoh
983 2261 1184 2294 recognoui
1217 2248 1353 2283 cesario
1388 2248 1417 2282 8:

76 2309 192 2342 attlco
219 2299 302 2344 cffifs.
328 2301 395 2343 ΙΪΒ.
423 2321 512 2343 vnn.
540 2310 714 2343 enum.
740 2320 869 2342 mcffr'r
894 2321 916 2341 x
