1591 2556
141 100 161 140 1
171 100 225 141 74
696 101 824 136 LIBRI
850 102 935 136 VIII

228 196 479 251 Thrasyllus
524 212 625 238 uero
665 198 848 253 cognitis
893 198 1108 252 omnibus,
1152 200 1356 254 nequiens
1399 201 1485 242 ido-

139 270 266 297 neum
315 257 563 310 supplicium
614 257 826 311 praesenti
877 257 993 299 clade
1038 258 1211 299 reddere
1261 262 1484 314 certusque

138 318 258 357 tanto
303 315 482 356 facinori
526 330 603 357 nec
648 315 836 371 gladium
876 317 1088 371 sufficere,
1125 319 1276 372 sponte
1320 318 1485 360 delatus

138 374 296 415 ibidem
328 375 381 415 ad
412 374 703 429 sepulchrum,
735 375 946 416 ‘ultronea
976 376 1118 430 uobis,
1150 376 1295 418 infesti
1325 376 1485 432 Manes,

139 448 191 474 en
229 433 348 474 adest
379 434 571 475 uictima’
603 448 727 488 saepe
765 434 1008 488 clamitans,
1045 434 1184 476 ualuis
1228 450 1355 490 super
1392 451 1483 478 sese

138 492 365 547 diligenter
396 493 603 534 obseratis
635 493 775 535 inedia
807 494 958 535 statuit
984 493 1138 536 elidere
1164 509 1241 536 sua
1273 496 1485 537 sententia

141 551 389 592 damnatum
422 552 649 606 spiritum.’

225 609 318 651 XV.
368 610 484 652 Haec
522 611 593 653 ille
636 611 788 667 longos
834 611 1006 653 trahens
1049 612 1276 666 suspiritus
1315 616 1357 654 et
1399 628 1486 655 non

138 683 356 723 nunquam
389 670 660 712 inlacrimans
693 671 881 726 grauiter
913 671 1089 712 adfectis
1121 671 1294 713 rusticis
1327 672 1483 714 adnun-

136 728 284 770 tiabat.
322 732 424 771 tunc
455 729 519 770 illi
544 730 700 771 mutati
725 730 885 771 domini
917 731 1152 771 nouitatem
1178 733 1416 773 metuentes
1441 735 1486 774 et
1503 753 1518 775 ι

137 788 420 829 infortunium
453 789 602 830 domus
631 789 746 830 erilis
773 789 900 830 altius
931 790 1182 831 miserantes
1213 789 1361 845 fugere
1388 805 1483 832 con-

136 850 299 900 parant.
335 847 408 889 sed
433 863 639 902 equorum
659 848 863 903 magister
884 849 955 902 qui
982 863 1050 889 me
1071 848 1304 890 curandum
1328 863 1485 905 magna

135 905 207 947 ille
240 906 410 960 quidem
431 907 576 961 (cum)
596 907 960 949 commendatione
987 911 1242 962 susceperat,
1275 908 1483 963 quidquid

137 965 181 1005 in
213 965 355 1006 casula
392 966 626 1020 pretiosum
659 966 960 1020 conditumque
993 967 1192 1008 seruabat
1229 982 1322 1008 meo
1356 970 1484 1022 atque

137 1024 317 1065 aliorum
354 1024 641 1066 iumentorum
680 1025 803 1066 dorso
836 1025 1070 1079 repositum
1103 1029 1324 1080 asportans
1364 1027 1483 1068 sedes
1502 1047 1516 1071 1
1572 1034 1575 1060 ῑ

135 1083 339 1137 pristinas
380 1083 546 1125 deserit.
609 1084 859 1139 gerebamus
906 1084 1140 1126 infantulos
1183 1088 1226 1126 et
1269 1085 1482 1141 mulieres,

137 1142 387 1197 gerebamus
425 1143 566 1197 pullos
599 1157 768 1184 anseres
805 1143 963 1184 haedos
996 1143 1169 1185 catellos
1201 1147 1244 1185 et
1275 1145 1483 1200 quidquid

133 1201 302 1242 infirmo
336 1202 469 1256 gradu
499 1202 647 1257 fugam
679 1202 943 1256 morabatur,
974 1203 1134 1244 nostris
1167 1218 1335 1258 quoque
1366 1204 1481 1258 pedi-

133 1260 213 1302 bus
258 1260 513 1302 ambulabat.
569 1276 645 1302 nec
688 1277 755 1302 me
798 1261 964 1316 pondus
1005 1262 1194 1303 sarcinae
1239 1277 1482 1317 quanquam

133 1320 318 1361 enormis
362 1321 588 1375 urguebat,
627 1321 784 1375 quippe
822 1320 1009 1376 gaudiali
1045 1321 1148 1376 fuga
1185 1321 1481 1364 detestabilem
1501 1342 1516 1366 2
1574 1316 1575 1322 ¹

132 1378 256 1419 illum
288 1383 527 1420 exectorem
559 1379 778 1421 uirilitatis
810 1395 927 1421 meae
959 1380 1282 1434 relinquentem.
1574 1383 1575 1391 ¹

225 1437 382 1479 Siluosi
413 1439 571 1479 montis
601 1454 797 1492 asperum
829 1439 1041 1492 permensi
1066 1440 1215 1494 iugum
1247 1454 1478 1495 rursusque

132 1498 320 1550 reposita
363 1511 608 1551 camporum
648 1498 786 1552 spatia
828 1499 1034 1552 peruecti,
1075 1499 1160 1539 iam
1200 1513 1377 1553 uespera
1419 1514 1481 1541 se-

135 1556 283 1596 mitam
322 1557 587 1612 tenebrante,
619 1557 890 1610 peruenimus
923 1558 975 1598 ad
1007 1557 1217 1611 quoddam
1259 1557 1480 1600 castellum
1574 1597 1575 1602 ,

134 1615 332 1669 frequens
360 1618 401 1656 et
434 1615 623 1670 opulens,
655 1616 765 1657 unde
792 1616 958 1671 [9144.
978 1616 1047 1670 E]
1080 1631 1158 1657 nos
1189 1616 1351 1658 incolae
1383 1632 1479 1659 noc·
1499 1637 1514 1662 2
1573 1621 1576 1635 ¹

135 1677 277 1728 turna,
315 1674 444 1716 immo
477 1689 577 1716 uero
616 1675 826 1716 matutina
858 1676 986 1716 etiam
1017 1675 1301 1730 prohibebant
1343 1690 1478 1731 egres-

134 1733 263 1774 sione.
319 1733 443 1787 lupos
481 1734 593 1775 enim
626 1749 893 1788 numerosos,
925 1735 1105 1789 grandes
1138 1738 1180 1776 et
1216 1736 1352 1776 uastis
1392 1750 1478 1777 cor-

134 1793 310 1846 poribus
336 1793 574 1834 sarcinosos
595 1807 642 1834 ac
661 1794 794 1834 nimia
813 1794 1033 1835 ferocitate
1048 1794 1298 1849 saeuienteS,
1317 1795 1478 1849 passim

134 1852 294 1905 rapinis
321 1852 518 1893 adsuetos
544 1852 745 1894 infestare
765 1856 961 1894 cunctam
987 1853 1105 1894 illam
1132 1853 1350 1908 regionem
1375 1854 1477 1894 iam-

230 2006 249 2036 2
284 2002 508 2047 supplicium
532 2005 661 2048 scripsi
698 2003 854 2038 exitium
879 2005 958 2039 edd.
997 2004 1138 2039 exitum
1161 2003 1352 2048 praesenti
1377 2004 1477 2039 eladi

133 2049 294 2094 reperire
329 2050 432 2086 Stena
565 2055 588 2085 4
606 2062 677 2096 sqq.
709 2051 754 2094 cf.
787 2063 878 2095 quae
911 2052 954 2086 de
985 2052 1148 2087 Labieno
1180 2056 1311 2086 narrat
1345 2051 1478 2087 Seneca

135 2097 256 2132 Contr.
282 2097 314 2130 X
336 2099 454 2141 praef.
477 2101 494 2131 7
576 2101 596 2132 8
622 2098 733 2143 longo
760 2098 842 2141 F¹cp
926 2098 1124 2143 suspiritus
1149 2100 1278 2142 scripsi
1302 2099 1348 2142 ef.
1362 2103 1395 2133 4.
1415 2103 1476 2143 29;

135 2148 269 2187 93.18;
305 2148 382 2179 182.
398 2148 442 2178 33
487 2145 640 2189 spiritus
672 2147 750 2180 cdd.
874 2149 916 2179 13
950 2146 1089 2192 (cum)
1121 2147 1260 2181 inserui
1289 2147 1334 2189 ef.
1362 2149 1475 2181 126.1

136 2196 179 2226 14
217 2191 423 2236 pretiosum
459 2193 654 2227 conditum
690 2194 712 2226 δ
856 2193 1032 2227 seruabat
1069 2194 1148 2228 cdd.
1199 2193 1402 2227 seruabant
1435 2193 1476 2228 E.

137 2243 179 2273 15
207 2239 425 2283 adsportans
451 2239 479 2272 F
579 2244 619 2274 17
653 2251 726 2274 *an
739 2239 833 2274 feres
858 2239 886 2273 F
919 2242 957 2284 (n
981 2242 1065 2275 add.
1092 2245 1124 2275 et
1152 2240 1310 2284 priorem
1341 2251 1360 2275 e
1385 2252 1430 2275 εκ
1455 2251 1478 2274 a

135 2287 526 2368 ggrrdcltrszilgsssessllclss.
542 2290 603 2330 333
632 2290 710 2322 195.
726 2291 770 2321 ‘22
796 2297 964 2331 passeres
991 2296 1021 2330 φ
1105 2291 1147 2322 19
1174 2287 1420 2322 ambulabant
1445 2296 1476 2330 φ
