1591 2556
0 745 48 779 }10

14 1049 48 1074 15

13 1345 50 1370 20

13 1639 50 1665 25

496 108 598 143 CAP.
624 85 995 142 xxxviii—XXXX
1327 105 1412 147 219

68 206 229 248 uersari
267 204 597 246 commilitonem
639 204 764 258 idque
807 219 883 258 per
926 218 1021 258 spes
1062 217 1284 257 prosperas
1324 204 1414 245 eius

67 265 217 307 orabat
249 264 456 305 adiurans.
508 264 621 304 ‘nam
654 262 733 317 [et]
765 262 835 304 hic
866 263 973 317 ipse'
1003 262 1142 303 aiebat
1169 262 1275 315 ⁶<et>
1301 263 1412 304 iners

68 324 225 366 asellus
245 326 287 365 et
305 323 440 364 nihilo
466 323 606 364 minus
628 322 806 376 <fer0x>
827 322 1061 376 morboque
1082 322 1323 362 detestabili
1351 337 1414 363 ca-

69 384 200 425 ducus
226 382 300 424 uix
326 382 453 423 etiam
480 396 636 436 paucos
661 381 855 422 holerum
881 381 1121 435 manipulos
1149 381 1198 421 de
1218 381 1413 434 proximo

69 441 240 484 hortulo
284 441 393 482 solet
437 441 626 482 anhelitu
669 440 870 495 languido
918 440 1122 495 fatigatus
1166 439 1414 494 subuehere,

70 501 223 542 nedum
255 502 303 541 ut
334 500 460 541 rebus
488 499 764 554 amplioribus
791 499 966 540 idoneus
992 499 1188 540 uideatur
1214 499 1414 554 gerulus?

69 559 241 601 XXXX.
275 560 347 600 sed
366 559 440 600 ubi
466 559 595 600 nullis
620 558 816 613 precibus
843 559 1031 613 mitigari
1058 558 1239 600 militem
1259 558 1413 613 magis-

70 634 150 673 que
176 619 219 659 in
246 633 365 659 suam
391 618 619 672 perniciem
650 618 835 658 aduertit
861 617 1025 659 efferari
1052 617 1219 672 iamque
1246 617 1416 658 inuersa

69 679 155 719 uite
188 678 238 719 de
270 677 455 719 uastiore
481 676 637 718 nodulo
664 677 882 718 cerebrum
909 691 1034 718 suum
1061 676 1280 718 diffindere
1306 677 1413 729 <pa-

68 737 200 791 rare),
233 737 364 778 currit
397 737 448 777 ad
480 739 667 778 extrema
698 736 888 777 subsidia
919 735 1208 790 simulansque
1241 751 1262 777 e
1291 750 1335 776 re
1362 736 1415 776 ad

68 796 416 838 commonendam
454 796 769 837 miserationem
809 809 945 850 genua
984 795 1073 836 eius
1112 794 1220 836 uelle
1254 795 1414 836 contin-

68 869 184 911 gere,
222 856 474 896 summissus
512 857 637 909 atque
670 855 916 895 incuruatus
950 854 1134 908 adreptis
1168 854 1257 895 eius
1290 855 1415 895 utris-

69 929 150 969 que
181 914 359 968 pedibus
392 914 617 955 sublimem
650 913 808 955 elatum
841 917 976 955 terrae
1009 913 1197 968 grauiter
1224 913 1414 967 adplodit

67 976 110 1014 et
141 973 286 1014 statim
319 988 401 1027 qua
432 973 587 1028 pugnis
620 988 703 1027 qua
734 973 889 1014 cubitis
920 987 1002 1027 qua
1028 972 1252 1025 morsibus,
1285 972 1414 1013 etiam

70 1033 118 1073 de
150 1032 220 1074 uia
251 1032 389 1086 lapide
422 1035 615 1086 correpto
648 1035 782 1073 totam
814 1032 964 1073 faciem
997 1046 1231 1085 manusque
1258 1032 1347 1072 eius
1374 1034 1416 1072 et

68 1092 201 1132 latera
231 1091 519 1132 conuerberat.
580 1106 657 1132 nec
695 1091 766 1132 ille
798 1094 845 1131 ut
877 1091 1061 1144 primum
1092 1090 1213 1131 humi
1247 1090 1415 1144 supina-

69 1153 138 1191 tus
176 1152 257 1204 est,
301 1150 370 1191 uel
408 1164 641 1205 repugnare
680 1150 748 1191 uel
787 1150 958 1191 omnino
997 1149 1162 1191 munire
1198 1164 1241 1190 se
1274 1149 1416 1203 potuit

69 1209 142 1250 sed
172 1209 295 1263 plane
327 1210 556 1250 identidem
590 1209 938 1262 comminabatur,
970 1209 1005 1249 si
1038 1209 1291 1249 surrexisset
1323 1223 1414 1250 sese

70 1268 336 1309 concisurum
362 1283 457 1310 eum
483 1268 704 1310 machaera
730 1283 805 1309 sua
831 1268 1058 1308 frustatim.
1111 1282 1194 1322 quo
1221 1282 1414 1309 sermone

70 1328 159 1368 eius
186 1327 543 1369 commonefactus
569 1327 821 1368 hortulanus
847 1327 973 1380 eripit
1000 1327 1037 1367 ei
1064 1326 1259 1380 spatham
1284 1341 1414 1381 eaque

69 1386 316 1441 longissime
348 1387 511 1428 abiecta
542 1402 710 1428 rursum
743 1386 1006 1427 saeuion'bus
1032 1401 1128 1427 eum
1162 1386 1218 1440 [p.
1237 1385 1414 1440 180.E.]

69 1445 206 1500 plagis
245 1446 499 1500 adgreditur.
562 1461 637 1487 nec
676 1446 746 1486 ille
789 1448 1029 1499 prostratus
1073 1448 1115 1486 et
1158 1448 1415 1498 praeuentus

69 1504 317 1546 uulneribus
362 1505 496 1546 ullum
540 1505 752 1559 repperire
797 1505 922 1545 saluti
968 1504 1117 1558 quiens
1166 1503 1415 1557 subsidium,

71 1563 185 1617 quod
228 1564 366 1605 solum
409 1564 613 1619 restabat,
664 1563 836 1605 simulat
880 1578 969 1604 sese
1014 1566 1241 1604 mortuum.
1314 1566 1415 1604 tunc

71 1622 266 1676 spatham
292 1623 409 1664 illam
436 1638 578 1665 secum
605 1626 826 1677 asportans
851 1622 1104 1663 hortulanus
1131 1622 1325 1664 inscenso
1348 1637 1415 1662 me

71 1681 236 1722 concito
268 1683 402 1736 gradu
434 1686 548 1724 recta
572 1683 747 1724 festinat
773 1682 824 1723 ad
851 1682 1068 1723 ciuitatem
1094 1696 1170 1722 nec
1196 1681 1416 1722 hortulum

71 1755 196 1781 suum
228 1741 377 1782 saltem
410 1756 559 1783 curans
592 1742 774 1783 inuisere
807 1741 859 1781 ad
891 1741 1132 1795 quempiam
1166 1740 1247 1781 sibi
1275 1740 1417 1781 deuer-

71 1799 125 1840 tit
156 1799 417 1841 familiarem.
481 1801 727 1854 cunctisque
760 1800 940 1841 narratis
974 1800 1221 1854 deprecatur
1252 1799 1417 1853 pericli-

168 1966 259 1996 2—4
295 1963 394 1997 ‘nam
427 1963 495 2009 [et]
528 1962 588 1997 hic
621 1963 715 2008 ipse’
751 1962 878 1998 aiebat
912 1963 1034 2009 ‘<et>’
1069 1962 1166 1997 iners
1203 1961 1340 1996 asellus
1378 1963 1416 1996 et

72 2007 316 2044 nihilominus
337 2009 497 2057 <ferox>
518 2011 721 2054 morboque
749 2010 967 2045 detestabili
994 2010 1155 2044 caducus
1181 2010 1312 2054 scripsi
1336 2020 1417 2044 cum

72 2055 193 2100 Luetj.
232 2058 306 2092 nisi
342 2058 437 2103 quod
473 2059 533 2092 ille
570 2069 640 2092 ozon
679 2058 790 2101 infert
828 2058 920 2103 <et>
959 2062 1042 2092 ante
1080 2057 1177 2092 iners
1221 2057 1267 2100 cf.
1296 2060 1374 2090 149.
1397 2060 1416 2090 9

77 2103 179 2137 ‘nam
204 2105 241 2138 et
265 2104 326 2139 hic
351 2104 446 2149 ipse*
476 2104 604 2139 aiebat
631 2104 742 2139 ‘iners
768 2105 905 2140 asellus
932 2106 969 2140 et
993 2104 1113 2139 nihilo
1139 2103 1261 2138 minus
1287 2102 1416 2137 morbo

74 2149 291 2185 detestabili
329 2152 488 2186 caducus
521 2152 561 2186 E.
612 2152 813 2196 morboque
850 2152 932 2196 F1q2
1053 2155 1075 2186 4
1111 2150 1281 2186 holerum
1312 2149 1339 2183 F
1369 2150 1416 2193 cf.

77 2199 154 2230 174.
175 2202 195 2230 3
283 2199 498 2234 -maniculos
524 2199 589 2243 Fcp
675 2203 706 2233 9.
724 2204 766 2233 10
794 2198 982 2246 <parare>
1009 2199 1149 2234 ‘inserui
1234 2201 1277 2231 10
1305 2196 1416 2230 simu-

74 2242 230 2287 lansque
255 2256 275 2280 e
299 2257 338 2280 re
369 2259 450 2282 cum
475 2247 638 2282 stewech.
665 2246 705 2281 E.
745 2246 924 2281 simulans
950 2257 1103 2294 querere
1130 2246 1157 2280 F
1203 2256 1228 2278 S.
1256 2248 1361 2288 qrere
1389 2256 1416 2287 φ

77 2294 120 2324 14
138 2291 286 2342 'qubitis
313 2306 340 2336 φ
428 2297 470 2328 18
496 2293 757 2328 resurrexisset
782 2307 809 2338 φ
835 2295 888 2338 (re
914 2295 1063 2329 induxit
1088 2305 1132 2328 m.
1159 2294 1202 2336 τ.)
1289 2295 1332 2324 23
1360 2301 1418 2324 sa-

74 2336 147 2371 luti
172 2338 199 2371 F
235 2339 365 2374 salutis
393 2341 439 2383 ‹p‘2
536 2344 579 2374 28
606 2340 788 2375 enarratis
814 2349 844 2383 φ
