1591 2556
99 85 185 126 270
672 85 800 119 LIBRI
825 84 875 118 XI

100 181 328 222 coemenda
358 196 550 235 procuro.
612 181 780 235 iamque
812 184 1019 234 tempore,
1055 183 1104 221 ut
1142 180 1282 222 aiebat
1313 195 1444 223 sacer-

101 240 188 295 dos,
214 240 257 281 id
281 241 525 294 postulante
546 241 750 295 stipatum
771 255 837 281 me
857 239 1058 294 religiosa
1077 239 1249 281 cohorte
1276 240 1446 282 deducit

99 299 151 339 ad
182 300 398 353 proximas
436 299 607 340 balneas
647 303 688 341 et
718 300 837 353 prius
875 302 995 340 sueto
1026 298 1195 339 lauacro
1227 299 1446 354 traditum,

98 358 314 412 praefatus
347 359 470 399 deum
503 359 684 412 ueniam,
715 358 940 412 purissime
973 358 1281 399 circumrorans
1308 357 1444 399 abluit

99 432 351 471 rursumque
396 417 447 457 ad
491 418 697 472 templum
741 418 979 471 reductum,
1023 417 1106 457 iam
1151 416 1314 458 duabus
1358 417 1440 458 diei
1480 436 1501 462 5

99 477 292 530 partibus
328 477 566 531 transactis,
604 479 700 518 ante
737 477 830 531 ipsa
867 477 966 517 deae
998 476 1182 530 uestigia
1218 476 1441 518 constituit

99 539 344 589 secretoque
364 536 575 577 mandatis
602 536 854 590 quibusdam
882 550 988 590 quae
1014 549 1117 576 uoce
1136 535 1313 576 meliora
1332 537 1443 590 sunt,

97 594 204 635 illud
234 594 358 648 plane
391 595 553 636 cunctis
592 595 762 636 arbitris
794 595 1018 649 praecipit,
1057 594 1199 635 decem
1230 594 1442 635 continuis

96 653 183 694 illis
204 653 352 694 diebus
373 654 574 695 cibariam
594 654 858 708 uoluptatem
879 653 1143 695 cohercerem
1157 667 1292 707 neque
1306 653 1442 694 ullum

97 712 255 753 animal
280 727 416 754 essem
443 716 485 754 et
510 714 698 755 inuinius
725 729 870 755 essem.
932 713 1026 766 quis
1053 712 1286 754 uenerabili
1311 712 1441 754 conti·
1461 732 1496 756 10

97 772 243 813 nentia
274 772 354 813 rite
386 773 568 813 seruatis
606 773 689 813 iam
723 773 811 814 dies
850 772 994 813 aderat
1026 771 1170 812 diuino
1204 771 1440 812 destinatus

96 831 339 871 uadimonio
379 834 421 872 et
452 831 516 872 sol
548 834 748 873 curuatus
780 831 1021 872 intrahebat
1056 845 1288 884 uesperam.
1349 833 1441 871 tum

96 905 190 931 ecce
223 890 442 931 confluunt
473 891 658 945 undique
690 891 839 932 turbae
872 893 1128 931 sacratorum
1158 890 1243 930 ritu
1268 892 1440 930 uetusto

96 950 226 990 uariis
260 949 438 1003 quisque
470 965 536 991 me
569 951 815 991 muneribus
850 949 1117 990 honorantes.
1181 948 1237 1002 [p.
1259 947 1439 1002 220.E.]

95 1010 196 1049 tunc
234 1008 408 1048 semotis
445 1009 593 1062 procul
630 1009 818 1062 profanis
858 1008 1054 1049 omnibus
1089 1007 1222 1048 linteo
1260 1007 1438 1062 rudique
1460 1025 1493 1051 15

94 1082 161 1107 me
203 1069 442 1108 contectum
481 1068 720 1109 amicimine
761 1068 934 1121 adrepta
972 1081 1100 1107 manu
1141 1066 1334 1107 sacerdos
1373 1066 1439 1107 de-

96 1126 212 1167 ducit
253 1126 305 1167 ad
344 1126 479 1180 ipsius
524 1127 696 1168 sacrarii
736 1126 979 1180 penetralia.
1044 1139 1219 1180 quaeras
1260 1125 1440 1166 forsitan

95 1185 198 1226 satis
232 1185 365 1239 anxie,
404 1186 593 1227 studiose
624 1186 769 1239 lector,
807 1185 909 1240 quid
941 1185 1089 1226 deinde
1122 1184 1300 1239 dictum,
1338 1183 1440 1238 quid

93 1244 271 1285 factum:
304 1244 485 1285 dicerem
512 1245 547 1285 si
575 1245 712 1286 dicere
740 1245 899 1298 liceret,
931 1258 1206 1299 cognosceres
1233 1244 1269 1284 si
1294 1242 1441 1284 liceret

95 1304 251 1344 audire.
315 1304 389 1344 sed
426 1319 569 1358 parem
609 1319 763 1345 noxam
802 1303 1099 1345 contraherent
1136 1317 1257 1344 aures
1290 1305 1332 1344 et
1362 1302 1439 1343 lin·
1458 1321 1494 1346 20

94 1376 196 1417 gua,
228 1363 338 1417 <ista
368 1364 522 1416 impiae
553 1363 853 1417 loquacitatis),
890 1363 988 1404 illae
1026 1361 1273 1403 temerariae
1305 1361 1438 1402 curio-

92 1422 243 1463 sitatis.
305 1437 381 1463 nec
414 1425 454 1462 te
487 1425 628 1464 tamen
661 1422 867 1463 desiderio
899 1422 1079 1463 forsitan
1115 1421 1316 1475 religioso
1349 1435 1437 1461 sus-

91 1495 270 1534 pensum
317 1495 473 1535 angore
525 1481 688 1522 diutino
739 1481 947 1523 cruciabo.
1024 1481 1156 1535 igitur
1200 1479 1315 1534 audi,
1364 1479 1437 1520 sed

91 1540 212 1580 crede
245 1554 351 1594 quae
382 1554 484 1581 uera
514 1543 624 1581 sunt.

179 1598 352 1640 Accessi
379 1600 608 1640 confinium
640 1600 790 1640 mortis
818 1602 860 1640 et
893 1599 1052 1640 calcato
1079 1598 1357 1651 Proserpinae
1387 1597 1435 1638 11-
1454 1615 1489 1641 25

92 1658 205 1699 mine
236 1673 312 1712 per
343 1659 485 1698 onmia
510 1661 658 1699 uectus
685 1659 892 1699 elementa
917 1657 1118 1712 remeaui3
1150 1659 1274 1698 nocte
1299 1656 1437 1698 media

91 1717 180 1758 uidi
218 1717 351 1758 solem
390 1717 566 1759 candido
605 1720 895 1759 coruscantem
926 1717 1103 1770 lumine3
1142 1716 1241 1757 deos
1277 1715 1435 1756 inferos

92 1778 133 1816 et
165 1776 264 1817 deos
297 1791 471 1830 superos
504 1777 660 1818 accessi
691 1792 832 1818 coram
865 1779 907 1817 et
938 1776 1112 1817 adoraui
1141 1775 1190 1816 de
1215 1788 1434 1828 proxumo.

91 1850 183 1876 ecce
222 1835 302 1876 tibi
341 1835 488 1876 rettuli
526 1850 632 1889 quae
671 1836 865 1890 quamuis
904 1835 1048 1876 audita
1084 1834 1254 1889 ignores
1291 1836 1432 1874 tamen

186 1956 205 1985 9
232 1950 393 1985 cibarias
420 1951 501 1995 F1q>
583 1956 694 1986 10.11
723 1951 996 1986 continentiam
1021 1950 1067 1984 F¹
1149 1954 1190 1984 11
1219 1949 1377 1984 adherat
1402 1948 1430 1982 F

90 2038 131 2068 12
159 1999 327 2068 intrabat
353 2033 379 2066 F
412 2033 588 2069 trahebat
615 2049 641 2078 φ
675 2034 857 2068 introibat
883 2035 905 2067 δ
940 2033 995 2067 sol
1020 2032 1222 2066 inclinatus
1250 2031 1325 2065 iam
1350 2032 1428 2065 tra—

87 2081 203 2116 hebat
231 2080 335 2116 Corn.
430 2085 471 2114 13
500 2083 728 2116 sacratorum
754 2082 887 2116 Brant.
915 2082 960 2123 cf.
989 2083 1068 2115 222.
1092 2083 1145 2123 17,
1167 2082 1210 2112 ⁶25
1243 2089 1431 2112 sacrorum

88 2130 166 2164 cdd.
187 2129 239 2163 sic
259 2132 337 2162 222.
356 2132 398 2161 17
421 2129 458 2162 in
479 2128 501 2161 δ
527 2140 592 2172 pro
615 2130 846 2163 sacratorum
860 2129 990 2173 leyitwr
1009 2138 1197 2161 sacrorum
1257 2129 1298 2159 17
1319 2136 1430 2170 pene-

89 2176 202 2210 tralia
236 2175 377 2222 Queras
409 2175 437 2208 F
471 2178 507 2219 (a
541 2175 568 2217 Q
602 2177 642 2210 in
666 2188 737 2211 fras.
758 2187 825 2211 scr.
846 2187 891 2210 m.
911 2177 955 2220 γ.)
989 2172 1207 2219 penetralia.
1241 2183 1374 2216 queras
1401 2186 1430 2216 φ

89 2227 133 2257 ’20
166 2223 442 2269 contraherent]
486 2223 708 2258 cti-ahentss*
741 2223 767 2256 F
813 2222 1035 2256 contrahent
1066 2222 1088 2255 δ
1131 2219 1374 2254 contrahente
1401 2233 1429 2263 φ

88 2270 182 2317 (et)
211 2281 317 2305 aures
337 2270 408 2305 Lu.
478 2274 533 2305 20.
550 2274 591 2304 21
621 2270 751 2314 lingua
776 2271 906 2314 scripsi
930 2269 1082 2313 linguae
1108 2269 1185 2303 edd.
1255 2270 1297 2301 ‘21
1327 2266 1429 2314 <ista

88 2317 227 2362 impiae
252 2317 525 2365 loquacitatis>
552 2318 690 2353 inserui
