1591 2556
517 82 618 118 CAP.
644 82 983 117 XXXIII—XXXV
1338 84 1422 126 251

81 179 394 221 accuratissime
422 178 744 232 disternebatur‚
769 178 903 220 lectus
927 177 1071 220 Indica
1097 180 1309 220 testudine
1335 195 1426 234 per·

80 238 258 293 lucidus,
282 238 452 293 plumea
477 238 672 292 congerie
698 237 899 290 tumidus,
930 240 1048 278 ueste
1078 238 1211 278 serica
1237 239 1423 280 floridus.

80 300 124 338 at
164 311 241 352 ego
282 299 448 351 praeter
485 297 689 351 pudorem
730 296 913 337 obeundi
952 296 1120 350 publice
1162 297 1424 352 concubitus,

4 389 6 403 ι
80 359 246 410 praeter
277 356 522 410 contagium
553 355 754 397 scelestae
785 354 1057 409 pollutaeque
1083 355 1276 410 feminae,
1307 359 1424 398 metu

4 421 7 467 ᾖ
42 432 60 457 5
82 415 209 456 etiam
240 415 391 456 mortis
423 415 606 456 maxime
638 414 866 468 cruciabar,
899 414 959 455 sic
990 414 1080 468 ipse
1112 429 1278 455 mecum
1304 430 1423 469 repu-

5 471 6 474 '
78 476 185 527 tans,
218 473 331 527 quod
362 473 406 514 in
432 473 628 527 amplexu
655 473 824 514 uenerio
858 473 1020 514 scilicet
1052 474 1174 514 nobis
1201 473 1424 514 cohaeren-

77 532 192 573 tibus
231 547 519 587 quaecumque
558 533 609 573 ad
649 532 827 573 exitium
868 532 1058 573 mulieris
1098 532 1234 573 bestia
1271 532 1424 574 fuisset

76 590 278 645 immissa,
316 606 401 632 non
440 592 541 632 adeo
580 591 649 632 uel
686 591 910 644 prudentia
947 591 1096 632 sollers
1135 591 1205 632 uel
1243 592 1422 633 artificio

76 649 201 691 docta
231 650 302 691 uel
334 650 590 692 abstinentia
620 650 735 704 frugi
772 652 916 704 posset
948 650 1189 704 prouenire‚
1228 654 1275 691 ut
1313 650 1423 691 adia-

21 725 58 750 ιο
77 711 241 750 centem
272 709 395 750 lateri
427 723 520 750 meo
546 709 750 750 laceraret
776 709 1009 761 mulierem,
1041 709 1147 749 mihi
1172 724 1273 750 uero
1301 710 1423 763 quasi

75 767 318 809 indemnato
363 771 405 809 et
448 768 620 809 innoxio
664 770 865 821 parceret.
928 767 1102 808 XXXV.
1148 783 1249 822 ergo
1289 769 1424 823 igitur

74 841 160 867 non
192 827 241 867 de
272 827 431 881 pudore
463 827 547 868 iam
579 827 653 868 sed
685 827 734 867 de
768 827 904 867 salute
937 827 1030 880 ipsa
1061 827 1289 881 sollicitus,
1322 828 1422 868 dum

5 907 6 910 =
74 886 278 940 magister
314 900 432 926 meus
470 885 625 926 lectulo
664 886 795 939 probe
833 886 1067 939 coaptando
1107 886 1324 927 districtus
1362 887 1423 927 in-

75 944 207 986 seruit
233 947 274 985 et
296 947 387 985 tota
406 944 568 985 familia
592 945 749 998 partim
775 945 1011 985 ministerio
1038 945 1277 986 uenationis
1304 960 1422 986 occu-

4 1067 5 1070 ’
73 1062 309 1103 tationibus
340 1062 523 1103 liberum
561 1062 830 1103 tribuebatur
862 1063 1104 1116 arbitrium,
1142 1078 1218 1104 nec
1250 1077 1421 1117 magno—

72 1136 171 1174 pere
203 1121 427 1175 quisquam
460 1121 783 1162 custodiendum
822 1124 909 1162 tam
941 1125 1210 1162 mansuetum
1242 1122 1422 1175 putabat

5 1223 6 1230 ἵ
73 1180 251 1234 asinum,
271 1180 478 1234 paulatim
491 1180 699 1221 furtiuum
714 1180 864 1234 pedem
886 1180 1104 1234 proferens
1125 1184 1292 1234 portam
1315 1196 1420 1235 quae

4 1233 6 1303 1
72 1239 267 1292 proxima
298 1242 362 1280 est
393 1239 573 1293 potitus7
605 1239 688 1279 iam
721 1254 845 1280 cursu
878 1254 944 1280 me
978 1239 1195 1280 celerrimo
1228 1240 1418 1294 proripio

4 1314 55 1353 20
74 1297 131 1352 [p.
155 1297 334 1351 205.E.]
381 1313 538 1352 sexque
582 1298 685 1338 totis
729 1313 931 1352 passuum
976 1298 1149 1339 milibus
1193 1299 1422 1353 perniciter

73 1356 275 1398 confectis
309 1356 543 1398 Cenchreas
574 1357 772 1411 peruado,
806 1358 919 1411 quod
951 1357 1153 1411 oppidum
1187 1358 1304 1399 audit
1331 1359 1420 1412 qui-

5 1461 6 1468 *
73 1415 167 1456 dem
217 1416 506 1457 nobilissimae
556 1415 744 1457 coloniae
795 1415 1178 1470 Corinthiensium,
1234 1417 1421 1458 adluitur

5 1470 6 1504 l
73 1477 214 1515 autem
245 1473 416 1529 Aegaeo
459 1478 500 1516 et
539 1474 740 1516 Saronico
779 1475 897 1515 mari.
960 1475 1066 1516 inibi
1103 1478 1252 1530 portus
1292 1476 1420 1517 etiam

5 1580 7 1596 .
72 1533 336 1574 tutissimum
373 1535 547 1575 nauium
585 1534 899 1588 receptaculum
937 1548 1092 1589 magno
1125 1535 1422 1588 frequentatur

17 1609 53 1635 25
72 1592 241 1646 populo.
303 1592 451 1634 uitatis
490 1607 590 1647 ergo
630 1593 804 1634 turbelis
843 1595 884 1634 et
922 1593 1054 1634 electo
1093 1597 1255 1635 secreto
1292 1594 1419 1635 litore

6 1685 7 1689 ,
72 1665 203 1705 prope
234 1651 347 1705 ipsas
379 1652 587 1693 fluctuum
614 1652 858 1706 aspergines
886 1652 930 1692 in
957 1652 1139 1706 quodam
1166 1653 1419 1694 mollissimo

71 1709 253 1751 harenae
279 1711 473 1765 grumulo
498 1711 658 1752 lassum
685 1726 838 1765 corpus
858 1714 1078 1765 porrectus
1105 1712 1288 1753 refoueo.
1321 1727 1419 1754 nam

73 1771 115 1809 et
146 1769 341 1810 ultimam
380 1770 463 1811 diei
493 1773 650 1810 metam
690 1770 946 1811 curriculum
979 1770 1081 1811 solis
1117 1771 1345 1812 deflexerat
1378 1774 1420 1812 et

5 1869 7 1886 2
73 1842 303 1883 uespernae
324 1843 391 1869 me
406 1828 540 1883 quieti
563 1829 768 1870 traditum
789 1828 924 1870 dulcis
945 1844 1119 1870 somnus
1140 1833 1418 1884 oppresserat.

176 1983 193 2013 1
231 1979 509 2034 distem-ebatur
540 1979 568 2013 F
614 1979 897 2015 desternebatur
929 1994 956 2025 φ
1002 1980 1283 2016 discernebatur
1315 1983 1337 2015 ὃ
1373 1983 1418 2025 cf.

74 2063 188 2095 27.13
287 2065 329 2115 1·1
361 2040 578 2106 id⁰ampnato
611 2075 638 2106 φ
762 2066 804 2097 13
842 2063 1041 2098 destrictus
1073 2064 1136 2111 Rq>
1183 2063 1364 2099 discretus
1396 2065 1420 2098 ἃ

6 2122 8 2167 f
74 2145 189 2177 15.16
222 2117 474 2179 oetgaltionibus
502 2158 529 2188 φ
629 2147 670 2178 19
704 2155 762 2179 me
789 2145 980 2180 celerrimo
1007 2145 1066 2180 F&
1110 2148 1147 2181 et
1173 2146 1363 2181 celerrimo
1390 2159 1418 2190 φ

6 2191 7 2196 ’
73 2193 117 2223 21
145 2190 252 2225 audit
276 2191 358 2236 F¹q>
402 2194 459 2226 est
484 2191 562 2225 F23
657 2195 702 2225 ‘25
727 2192 883 2227 turbelis
908 2194 1040 2238 scripsi
1081 2193 1241 2227 turbulis
1267 2194 1345 2228 edd.
1372 2194 1417 2236 ef.

6 2250 7 2253 ¹
75 2239 131 2271 55.
152 2240 214 2281 223
241 2241 295 2272 69.
316 2242 354 2283 23
376 2243 514 2274 117.19
541 2243 573 2274 et
598 2242 755 2283 208.16;
777 2243 856 2274 209.
878 2244 920 2274 15
1019 2244 1062 2275 27
1090 2239 1260 2294 grumulo
1286 2241 1419 2285 scripsi

6 2299 8 2349 f
73 2307 119 2351 cf.
141 2311 219 2343 103.
242 2311 262 2342 6
299 2309 440 2353 gremio
465 2310 545 2346 cdd.
637 2313 681 2343 29
708 2321 886 2355 uesperne
912 2310 940 2345 F
973 2291 1150 2356 uespertiie
1176 2325 1204 2355 φ
