1539 2556
140 70 225 105 XVI
661 71 946 107 PRAEFATIO.

257 171 413 208 Dioeem't
440 171 500 209 hie
531 174 680 209 tantum
711 184 796 210 eum
824 174 883 210 m'l
911 174 990 211 nist
1014 175 1176 221 pulcher
1206 173 1353 214 Alexis.

317 230 458 268 Exttttt
488 233 522 268 et
550 233 706 268 uertunt
734 232 890 279 quilibet
917 234 958 270 in
992 236 1026 270 te
1055 235 1192 272 oculos.

262 288 342 326 Cur
372 291 499 327 anime
529 301 570 327 os
600 293 792 328 monstras
822 293 982 329 eam'bus
1013 293 1215 343 affzqisque
1245 294 1373 332 dolore

315 348 517 386 Postmodo
547 360 625 386 ‘non
649 350 842 396 phedrum
873 352 1085 389 amisimus,

260 429 420 469 Otutbus
450 433 493 468 in
517 433 655 479 patria
684 434 828 481 inyeoztt
860 434 1146 471 laudate'iaees
1176 446 1290 472 nume.

319 490 392 538 Qui
423 492 606 528 insanum
636 503 695 529 me
726 493 848 530 am'mz'
877 493 1007 530 reddis
1039 505 1168 530 amore
1197 494 1307 542 ἄρχου.

140 571 271 610 Primo
310 573 411 610 libro
450 573 718 624 subscriptum
755 577 816 612 est
852 574 972 612 rubro
1011 576 1159 614 colore:
1204 577 1356 624 eoepzicit
1391 578 1487 616 liber

132 633 290 678 primus
332 633 672 680 metamorphoseos
715 634 807 671 lucit
850 635 989 683 apuley
1032 636 1097 682 qut
1139 636 1253 673 ettam
1289 637 1335 673 de
1377 638 1487 675 asino

141 702 258 729 aureo
290 692 439 729 dieitur.
483 692 629 739 Incipit
658 693 868 730 seeundum
899 694 1076 731 eiusdem.
1127 694 1242 732 Talia
1274 695 1396 732 etiam
1427 708 1487 734 se·
1515 700 1519 705 ’

141 750 354 799 quentibus
386 751 498 788 libris
525 754 618 789 sunt
649 752 885 800 subscripta.
929 752 975 788 In
1007 752 1084 789 fine
1111 752 1486 802 Metamorphoseon

113 822 116 826 ’
139 811 300 847 tantum
326 812 386 847 est
413 811 573 857 explicit,
600 811 713 861 nigro
741 811 870 848 colore
898 814 1118 859 exaratum,
1144 811 1284 850 deinde
1310 812 1352 850 in
1377 814 1485 852 calce

139 880 327 931 paginae:
353 881 499 928 Incipit
516 882 673 928 primus
693 882 787 919 liber
807 882 945 929 apuley
963 882 1153 929 platonici
1170 884 1243 930 phi
1268 884 1314 921 de
1342 886 1485 931 maffia.

139 939 187 976 In
228 940 333 977 calce
378 940 520 989 prioris
565 940 657 977 libri
694 940 917 989 Apologiae
961 935 1095 993 (nigro
1134 941 1378 991 atramento)
1421 955 1485 991 690

140 1000 290 1046 crispus
321 1000 506 1036 salustius
544 1000 746 1036 ememlaut
775 1011 878 1036 rome
907 1000 1001 1046 setim
1032 1000 1161 1047 apulei
1190 1001 1348 1048 piontci
1376 1014 1487 1049 man·

139 1059 291 1108 (ἰαανέβ
327 1070 444 1105 prose
487 1059 593 1105 apud
636 1059 832 1095 claudium
874 1060 1086 1096 maximum
1120 1071 1196 1107 pro
1240 1061 1404 1098 cosulem
1440 1062 1486 1099 de

137 1119 270 1165 ’Μαρία
314 1118 408 1155 tiber
443 1119 599 1164 primus
644 1118 802 1165 explicit.
861 1117 1090 1166 Sequuntur
1127 1120 1323 1168 quaedam
1363 1120 1484 1159 rubro

140 1177 270 1214 colore
311 1182 474 1214 exarata
512 1177 579 1213 sed
617 1176 698 1214 fere
738 1176 925 1227 euanida,
971 1189 1072 1226 quae
1116 1178 1196 1214 alia
1243 1178 1366 1216 fuisse
1406 1192 1485 1217 non

138 1237 308 1284 possunt
339 1249 476 1285 quam:
509 1236 660 1282 explicit
690 1236 783 1273 ttber
806 1237 962 1283 primus
994 1236 1087 1283 lueij
1113 1237 1252 1285 aputey
1278 1237 1324 1275 de
1353 1240 1485 1286 Μαρία

137 1295 274 1341 incipit
309 1295 499 1332 seemzdus
537 1295 715 1333 eiusdem.
771 1295 817 1332 In
850 1295 956 1333 calce
994 1294 1088 1332 libri
1121 1298 1278 1334 tantum
1317 1296 1485 1346 legitur:

139 1353 313 1401 Explicit
336 1354 419 1391 Deo
448 1346 609 1401 mattos.
649 1354 889 1404 Apologiam
915 1354 1075 1404 scripsit
1099 1355 1166 1392 uel
1191 1356 1319 1392 altera
1343 1368 1485 1394 manus

142 1413 209 1449 uel
242 1413 390 1463 eadem,
424 1413 492 1450 sed
522 1413 653 1450 minus
679 1413 803 1450 nitide
830 1416 870 1450 et
898 1413 1044 1450 litteris
1070 1414 1191 1462 paulo
1223 1414 1485 1454 breuioribus.

230 1471 360 1509 Huius
403 1471 495 1508 libri
539 1472 822 1509 auctoritatem
865 1484 942 1509 non
986 1472 1044 1509 ita
1095 1473 1230 1522 magni
1278 1473 1484 1524 faciebam,

139 1542 232 1567 nam
270 1530 377 1580 quod
416 1530 531 1567 illum
570 1531 708 1568 laudat
746 1530 1023 1580 Ruhnkenim,
1057 1531 1151 1580 quia
1183 1543 1286 1568 unus
1325 1531 1482 1570 Ouden-

140 1589 279 1638 dorpio
303 1589 507 1639 colligenti
528 1591 718 1627 maiorem
736 1590 820 1627 uim
839 1590 1083 1627 uariantium
1102 1590 1342 1640 praebuerit,
1363 1604 1483 1640 quam

141 1648 218 1686 duo
251 1650 383 1686 tresue
422 1648 470 1685 ab
503 1649 591 1686 aliis
623 1649 806 1699 inspecti,
847 1649 944 1686 haec
982 1662 1061 1686 non
1102 1649 1253 1698 optima
1283 1649 1373 1688 laus
1409 1651 1480 1688 est.

142 1706 242 1744 Cum
279 1709 413 1744 tamen
447 1706 488 1744 O.
510 1707 794 1758 Rossbachius,
832 1708 895 1744 uir
927 1707 973 1744 de
1005 1707 1176 1755 Apuleio
1214 1707 1362 1757 optime
1400 1721 1482 1746 me-

142 1766 256 1816 ritus,
290 1766 520 1815 opinaretur
552 1767 724 1805 codicem
757 1766 779 1804 δ
810 1767 939 1804 multa
970 1766 1129 1816 quidem
1159 1767 1384 1805 communia
1413 1767 1482 1805 ha-

140 1824 231 1862 bere
270 1837 360 1862 cum
390 1825 421 1862 F
454 1828 494 1863 et
525 1841 572 1874 φ,
611 1828 787 1864 attamen
826 1839 872 1863 ex
903 1830 1045 1863 neutro
1084 1839 1216 1864 eorum
1256 1825 1482 1864 deriuatum

142 1896 238 1933 esse,
271 1884 339 1922 sed
371 1884 487 1933 stirpi
519 1885 566 1922 ab
598 1885 678 1923 illis
706 1885 886 1923 diuersae
915 1885 1182 1935 tribuendum,
1214 1885 1361 1922 librum
1392 1884 1481 1922 dili-

142 1943 300 1992 gentius
335 1944 488 1981 excussi
513 1947 554 1981 et
583 1945 839 1993 praecipuam
870 1944 1109 1982 uarietatem
1140 1944 1269 1981 textui
1305 1943 1480 1993 ascripsi.

142 2002 215 2039 Est
247 2004 383 2040 autem
415 2003 643 2052 sequiorum
675 2003 853 2041 codicum
886 2016 963 2041 non
994 2003 1170 2040 ultimus.

231 2060 253 2098 δ
289 2062 437 2108 mayis
474 2064 706 2100 consentit
742 2075 839 2100 eum
874 2062 905 2099 F
944 2074 1076 2109 quam
1119 2073 1215 2099 eum
1252 2075 1292 2109 φ.
1348 2060 1395 2099 Id
1439 2061 1480 2098 in

139 2120 279 2170 primis
315 2120 406 2157 inde
440 2121 655 2171 euincitur,
689 2122 793 2171 quod
830 2122 1019 2170 pleraque
1052 2133 1153 2170 quae
1190 2120 1355 2157 inducta
1386 2122 1481 2158 sunt

140 2180 180 2216 in
215 2179 260 2229 F,
293 2191 371 2216 non
402 2192 497 2217 uero
530 2181 570 2217 in
603 2195 650 2230 φ,
689 2180 930 2218 omittuntur
960 2180 1001 2217 in
1033 2179 1065 2217 δ.
1121 2179 1330 2228 Exempla:
1365 2181 1430 2217 32.
1452 2180 1476 2217 8

138 2240 271 2276 uerius
295 2239 458 2276 dixerim
488 2239 650 2277 inducta
675 2241 768 2277 sunt
793 2240 833 2276 in
859 2239 889 2276 F
916 2240 1083 2276 dexerim
1108 2238 1250 2276 omisso
1278 2239 1411 2275 uerius
1436 2237 1478 2287 ὃς

141 2299 279 2336 3211
316 2309 401 2335 enm
430 2299 530 2336 diem
560 2293 609 2335 Fl
645 2299 743 2336 diem
776 2293 871 2348 F2c53
916 2299 1008 2335 171.
1031 2299 1053 2336 9
1094 2298 1220 2344 linque
1249 2298 1381 2335 satiati
1417 2297 1476 2334 in-
