1591 2556
161 100 247 140 234
738 98 867 132 LIBRI
891 97 922 131 X

161 211 323 249 ueram,
367 195 528 237 corium
573 195 720 236 aruina
769 194 989 236 suculenta
1036 193 1319 247 molliueram,
1361 193 1495 248 pilum

162 254 330 296 liberali
361 255 498 296 nitore
529 254 801 295 nutriueram.
835 253 908 294 sed
932 253 1012 295 iste
1038 252 1227 306 corporis
1258 252 1341 294 mei
1373 252 1497 294 decor

160 314 313 368 pudori
350 314 514 368 peperit
552 313 708 368 grande
747 313 935 353 dedecus.
992 311 1163 352 insolita
1199 326 1380 365 namque
1416 314 1496 352 ter-

161 373 276 428 goris
302 373 503 413 uastitate
523 372 724 413 commoti
743 372 888 425 Ormi),
908 372 1077 412 faenum
1097 385 1270 425 prorsus
1289 370 1496 411 intactum

160 432 315 473 cotidie
352 446 566 472 remanere
599 433 815 472 cernentes
854 431 936 471 iam
968 432 1082 471 totos
1120 429 1172 470 ad
1208 444 1275 470 me
1307 429 1497 484 dirigunt
1534 449 1549 475 5

161 491 336 532 animos.
375 493 416 531 et
440 490 546 531 hora
571 493 771 531 consueta
802 489 920 530 uelut
945 489 1116 530 balneas
1142 488 1317 542 petituri
1342 487 1496 530 clausis

160 565 212 591 ex
249 564 365 590 more
396 549 560 590 foribus
597 564 672 602 per
703 549 912 603 quandam
944 548 1153 589 modicam
1185 562 1407 588 cauernam
1444 547 1496 587 ri-

159 611 330 649 mantur
360 623 427 649 me
464 608 623 662 passim
662 608 865 662 expositis
898 607 1033 661 epulis
1068 606 1365 648 inhaerentem.
1421 620 1497 646 nec

160 667 247 708 ulla
285 682 384 708 cura
426 668 510 708 iam
550 667 691 708 damni
729 667 795 707 sui
838 666 984 707 habita
1022 665 1164 706 mirati
1206 667 1496 706 monstruosas

159 727 268 767 asini
312 726 482 767 delicias
527 726 614 767 risu
663 726 847 767 maximo
893 726 1216 779 dirrumpuntur
1264 726 1498 778 uocatoque
1518 745 1551 769 10

159 800 244 827 uno
277 788 318 826 et
351 785 482 826 altero
516 800 562 826 30
594 785 690 826 dein
729 785 922 838 pluribus
955 784 1169 826 conseruis
1209 784 1498 824 demonstrant

160 845 375 885 infandam
422 847 658 885 memoratu
706 844 871 885 hebetis
922 843 1099 884 iumenti
1143 842 1298 897 gulam.
1353 844 1497 883 tantus

157 904 339 957 denique
372 918 419 944 ac
455 906 542 944 tam
580 903 767 944 liberalis
806 903 1034 944 cachinnus
1074 904 1247 943 cunctos
1286 901 1498 942 inuaserat

159 966 207 1003 ut
245 963 297 1003 ad
336 977 457 1003 aures
496 977 663 1016 quoque
700 963 1007 1015 praetereuntis
1048 961 1288 1015 perueniret
1326 960 1496 1001 domini.
1590 996 1591 1011 2

158 1020 273 1062 XVI.
307 1021 546 1062 sciscitatus
579 1021 758 1074 denique
791 1021 904 1075 quid7
935 1021 1106 1074 bonum,
1138 1021 1293 1061 rideret
1324 1018 1497 1072 familia,
1518 1038 1550 1064 15
1588 1013 1591 1054 J

160 1080 330 1134 cognito
364 1080 477 1134 quod
514 1095 580 1120 res
613 1082 719 1133 erat,
751 1080 840 1133 ipse
879 1094 1046 1133 quoque
1084 1094 1158 1132 per
1189 1079 1299 1120 idem
1336 1078 1497 1132 prospi-
1590 1082 1591 1099 ³

157 1139 273 1180 ciens
310 1139 501 1180 foramen
534 1138 765 1180 delectatur
803 1139 965 1179 eximie.
1023 1152 1068 1178 ac
1101 1137 1251 1178 dehinc
1288 1137 1377 1178 risu
1408 1137 1497 1191 ipse

159 1213 327 1252 quoque
367 1198 575 1239 latissimo
615 1198 666 1238 ad
703 1212 836 1252 usque
875 1197 1174 1239 intestinorum
1212 1196 1401 1238 dolorem
1438 1210 1498 1237 re-

158 1258 324 1311 dactuS,
356 1257 440 1298 iam
472 1257 683 1311 patefacto
716 1256 910 1298 cubiculo
943 1256 1134 1310 proxime
1167 1255 1402 1297 consistens
1433 1269 1497 1296 00-

159 1331 249 1357 13111
291 1316 532 1357 arbitratur.
588 1331 685 1357 nam
722 1319 764 1357 et
802 1330 879 1371 ego
912 1316 1081 1357 tandem
1119 1330 1170 1356 ex
1202 1315 1343 1369 aliqua
1378 1315 1498 1369 parte
1518 1334 1552 1358 20

158 1375 330 1416 mollius
361 1375 468 1416 mihi
499 1375 730 1417 renidentis
755 1374 967 1416 Fortunae
994 1374 1303 1428 contemplatus
1334 1373 1497 1426 faciem,

157 1435 311 1489 gaudio
342 1435 629 1488 praesentium
660 1434 857 1475 fiduciam
890 1434 996 1475 1111111
1028 1433 1389 1486 subministrante,
1420 1446 1497 1473 nec

155 1493 373 1534 tantillum
406 1496 641 1534 commotus
674 1508 844 1534 securus
877 1493 1099 1546 amabam,
1131 1492 1269 1546 quoad
1305 1491 1496 1533 nouitate

156 1552 385 1606 spectaculi
411 1552 546 1593 laetus
573 1552 769 1593 dominus
795 1552 962 1593 aedium
989 1552 1084 1593 duci
1109 1566 1176 1592 me
1203 1551 1339 1605 iussit,
1365 1551 1496 1591 immo

146 1626 257 1652 -uero
296 1611 384 1652 suis
423 1611 550 1652 etiam
588 1611 677 1665 ipse
715 1611 911 1652 manibus
943 1611 995 1652 ad
1025 1610 1259 1652 triclinium
1299 1609 1498 1664 perduxit
1516 1628 1550 1653 25

155 1685 384 1724 mensaque
428 1671 568 1724 posita
612 1685 734 1712 omne
779 1684 911 1725 genus
950 1670 1136 1711 edulium
1180 1669 1412 1710 solidorum
1455 1670 1498 1709 et

156 1729 334 1770 inlibata
370 1729 531 1771 fercula
568 1730 693 1770 iussit
725 1730 890 1783 adponi.
942 1733 985 1771 at
1017 1743 1107 1784 ego,
1139 1742 1380 1783 quanquam
1412 1727 1496 1768 iam

155 1788 311 1829 bellule
362 1789 678 1843 suffarcinatus,
727 1789 962 1843 gratiosum
1013 1787 1495 1840 commendatioremque

155 1862 222 1888 me
256 1850 397 1888 tamen
430 1848 468 1888 ei
500 1848 635 1889 facere
668 1848 932 1902 [p.192.E.]
966 1848 1138 1901 cupiens
1172 1846 1403 1888 esurienter
1428 1859 1495 1885 ex-

154 1905 314 1947 hibitas
359 1921 474 1947 escas
519 1907 778 1961 adpetebam.
840 1922 938 1948 nam
983 1909 1024 1948 et
1074 1906 1175 1961 quid
1224 1904 1495 1960 potissimum
1515 1922 1548 1948 3⁰

155 1964 403 2006 abhorreret
452 1966 569 2007 asino
614 1966 903 2020 excogitantes
948 1965 1210 2020 scrupulose,
1253 1964 1306 2005 ad
1354 1962 1494 2017 explo-

155 2024 330 2064 randam
379 2026 747 2066 mansuetudinem
797 2025 839 2066 id
892 2025 1124 2066 offerebant
1178 2023 1301 2077 mihi,
1350 2036 1495 2064 carnes

155 2082 288 2124 lasere
330 2083 524 2137 infectas,
564 2084 698 2125 altilia
729 2084 873 2138 pipere
913 2084 1119 2138 inspersa,
1156 2082 1292 2136 pisces
1330 2081 1494 2122 exotico

249 2238 271 2267 4
298 2234 426 2280 (mei)
452 2235 519 2268 ins.
547 2234 672 2270 Rohde
770 2239 812 2269 14
838 2235 1010 2280 sffeuntis
1036 2249 1063 2280 φ
1095 2234 1286 2280 'p-Tcunctis
1313 2234 1340 2267 F
1372 2236 1495 2278 preter

154 2282 282 2315 effictos
308 2282 331 2315 ὃ
398 2285 441 2315 15
466 2280 568 2325 quid,
594 2281 743 2326 bonum,
770 2283 814 2326 cf.
831 2286 920 2317 721
990 2286 1032 2317 17
1059 2282 1204 2327 exumie
1229 2281 1257 2315 F
1329 2285 1371 2315 21
1397 2275 1494 2315 facie

155 2327 223 2369 rgo
292 2332 335 2361 23
362 2327 547 2362 esitabam
571 2330 616 2372 cf.
634 2333 711 2363 177.
728 2333 747 2363 2
822 2333 867 2364 30
894 2330 943 2374 qd
969 2330 1035 2372 Fcp
1070 2328 1249 2374 quicquid
1275 2330 1298 2362 ὃ
1328 2328 1428 2372 quod
1451 2327 1492 2363 E.
