1591 2556
163 85 224 124 90
730 83 858 118 LIBRI
882 83 950 118 IIII
1590 75 1591 144 l

161 180 359 222 ciuitates
404 183 445 221 et
485 181 673 236 attiguas
711 180 905 235 regiones
943 180 1056 221 fama
1093 183 1340 234 peruaserat
1376 180 1510 235 deam,

163 254 289 293 quam
322 239 537 281 caerulum
570 240 829 293 profundum
861 239 1001 294 pelagi
1032 239 1198 293 peperit
1232 241 1275 280 et
1311 253 1381 281 ros
1412 253 1508 293 spu-

162 298 370 339 mantium
403 299 612 340 fluctuum
645 299 858 352 educauit,
896 299 979 339 iam
1018 298 1206 339 numinis
1244 298 1310 339 sui
1350 298 1510 352 passim

163 357 325 398 tributa
355 358 480 399 uenia
511 358 554 398 in
587 358 738 399 mediis
764 357 1006 398 conuersari
1031 357 1179 411 populi
1206 356 1409 411 coetibus,
1440 357 1510 398 uel

163 419 273 457 certe
311 431 480 457 rursum
519 431 630 457 nouo
669 416 914 458 caelestium
953 416 1165 457 stillarum
1204 416 1392 471 germine
1423 430 1509 457 non
1547 430 1591 463 5’1

164 476 297 516 maria
335 475 409 516 sed
450 478 583 516 terras
617 474 827 516 Venerem
866 475 992 515 aliam
1024 475 1225 530 uirginali
1256 475 1361 516 flore
1391 489 1508 529 prae-

164 534 296 575 ditam
335 534 579 588 pullulasse.
650 532 873 575 XXVIIII.
924 534 984 575 sic
1027 534 1281 575 immensum
1321 534 1512 588 procedit

164 594 207 633 111
252 593 340 633 dies
386 593 548 647 opinio,
592 593 652 634 sic
690 593 850 634 insulas
889 593 973 633 iam
1015 607 1245 647 proxumas
1290 596 1333 634 et
1375 595 1510 634 terrae

163 651 404 705 plusculum
437 652 765 706 prouinciasque
802 651 1006 706 plurimas
1044 652 1157 692 fama
1196 654 1391 706 porrecta
1421 667 1511 706 per·
1580 695 1581 698 ,

164 714 352 765 uagatur.
404 711 488 752 iam
520 711 647 752 multi
678 711 923 752 mortalium
954 710 1095 765 longis
1127 711 1351 752 itineribus
1384 713 1510 765 atque
1531 728 1591 769 ¹⁰4-

161 770 383 811 altissimis
408 770 537 811 maris
558 771 768 811 meatibus
789 770 840 811 ad
861 770 1017 811 saeculi
1044 770 1256 824 specimen
1277 769 1511 825 gloriosum
1570 776 1577 788 ⁴

162 829 442 870 confluebant.
505 829 683 883 Paphon
714 844 856 882 nemo,
899 828 1061 870 Cnidon
1093 843 1218 870 nemo
1257 843 1305 870 ac
1335 843 1387 869 ne
1418 828 1511 883 ipsa

163 888 332 942 quidem
367 887 551 942 Cythera
592 888 644 929 ad
682 891 955 942 conspectum
995 888 1094 929 deae
1127 887 1306 929 Veneris
1339 887 1511 942 nauiga-

161 947 277 988 bant.
341 962 459 988 sacra
496 948 587 988 diae
626 950 968 1002 praetereuntur,
1012 947 1169 1001 templa
1208 947 1511 1000 deformantur,

164 1005 403 1059 puluinaria
450 1010 726 1061 spernuntur,
773 1007 1051 1048 caerimoniae
1096 1006 1399 1061 negleguntur,
1449 1006 1591 1050 in-15÷

163 1068 362 1106 coronata
395 1065 622 1106 simulacra
660 1068 702 1106 et
733 1080 827 1106 arae
868 1065 1022 1106 uiduae
1059 1041 1247 1120 frigido⁰
1255 1065 1394 1106 cinere
1425 1064 1508 1106 foe-

163 1124 294 1165 datae.
345 1124 510 1178 puellae
538 1124 803 1178 supplicatur
829 1127 872 1165 et
896 1124 941 1165 in
966 1124 1164 1165 humanis
1190 1124 1383 1165 uultibus
1410 1123 1509 1165 deae

162 1186 304 1224 tantae
348 1184 523 1224 numina
564 1183 804 1237 placantur,
854 1187 896 1224 et
940 1183 983 1224 in
1026 1182 1238 1224 matutino
1281 1196 1509 1238 progressu
1568 1179 1572 1182 ’

161 1242 342 1297 uirginis
388 1242 577 1284 uictimis
628 1246 670 1283 et
714 1243 850 1297 epulis
892 1241 1070 1284 Veneris
1122 1242 1309 1283 absentis
1355 1256 1511 1283 nomen

162 1301 430 1355 propitiatur,
473 1316 647 1356 eamque
691 1317 766 1356 per
803 1301 966 1356 plateas
1011 1304 1317 1343 commeantem
1360 1300 1509 1355 populi
1529 1317 1591 1345 2⁰1.

161 1360 404 1414 frequenter
436 1361 612 1401 floribus
646 1361 770 1402 sertis
802 1364 844 1402 et
876 1361 1028 1402 solutis
1061 1361 1351 1415 adprecantur.

250 1418 368 1460 Haec
399 1419 610 1461 honorum
643 1420 887 1461 caelestium
924 1420 976 1460 ad
1006 1420 1172 1474 puellae
1203 1418 1397 1460 mortalis
1424 1418 1508 1460 cul-

161 1482 253 1518 tum
286 1479 497 1520 inmodica
528 1479 751 1519 translatio
784 1494 908 1520 uerae
935 1478 1113 1519 Veneris
1145 1478 1418 1520 uehementer
1449 1478 1509 1518 in-

161 1537 303 1578 cendit
340 1538 504 1579 animos
540 1541 581 1579 et
619 1538 830 1591 inpatiens
868 1538 1174 1592 indignationis
1213 1537 1350 1592 capite
1388 1551 1508 1591 quas-

162 1596 273 1636 santi
293 1596 477 1638 fremens
498 1597 626 1637 altius
647 1597 707 1638 sic
728 1611 869 1638 secum
890 1597 1060 1638 disserit
1080 1597 1147 1637 ‘en
1166 1611 1308 1638 rerum
1334 1598 1508 1637 naturae
1527 1611 1562 1638 25
1588 1616 1591 1639 1

161 1656 299 1708 prisca
330 1670 503 1709 parens,
535 1654 707 1712 (XXX.)
741 1671 791 1697 en
824 1656 1129 1697 elementorum
1165 1656 1285 1710 origo
1317 1654 1508 1707 initialis,

160 1729 211 1754 en
245 1714 359 1755 orbis
392 1715 525 1756 totius
557 1715 781 1769 (domna)
813 1715 923 1756 alma
942 1714 1100 1769 Venus,
1133 1729 1239 1769 quae
1271 1729 1367 1755 cum
1398 1728 1507 1754 mor-

160 1773 237 1814 tali
262 1773 405 1827 puella
429 1774 633 1827 partiario
660 1774 895 1815 maiestatis
920 1773 1081 1815 honore
1106 1776 1267 1833 traQr
1292 1776 1336 1814 et
1353 1787 1507 1814 nomen

162 1832 218 1885 [p.
243 1833 309 1873 75.
329 1832 398 1887 Ε.]
425 1848 566 1874 meum
594 1833 709 1874 caelo
737 1833 953 1874 conditum
985 1833 1164 1874 terrenis
1190 1831 1387 1874 sordibus
1412 1845 1508 1886 pro-

255 2012 274 2041 5
309 2007 502 2042 stellarum
535 2009 613 2042 cdd
715 2013 732 2041 ’ἴ
766 1993 895 2042 1111111Γ11
927 2008 973 2041 F¹
1016 2007 1056 2041 in
1087 1992 1180 2041 iffisii
1212 2006 1298 2050 F²q>
1396 2010 1416 2040 8
1442 2017 1509 2051 per

161 2054 319 2088 extimas
352 2055 494 2097 Rohde,
530 2056 591 2089 38(ἶ
628 2057 672 2099 ef.
705 2056 786 2090 Tac.
814 2057 913 2090 Ama.
941 2054 1019 2089 XII
1041 2059 1084 2089 36
1206 2058 1225 2087 9
1259 2019 1393 2100 giam>
1423 2064 1508 2098 por-

161 2103 264 2136 recta
296 2102 469 2147 W'eymmz
548 2106 590 2136 14
615 2104 899 2146 praetereuntur
925 2102 1030 2137 Hild
1061 2100 1257 2145 pferuntur
1281 2100 1309 2134 F
1343 2102 1508 2145 praeter-

160 2151 332 2183 meantur
364 2149 440 2183 We
429 2162 497 2194 μη
621 2149 830 2184 deformant
861 2150 925 2194 sz
1048 2153 1090 2182 15
1123 2149 1347 2192 spernuntur
1379 2148 1509 2192 scripsi

160 2198 316 2265 nferunr
351 2221 428 2254 cdd
474 2222 712 2263 pelteiuntur
745 2220 785 2254 Ε
909 2223 952 2254 19
986 2229 1121 2253 nomen
1154 2218 1253 2261 Εφδ
1295 2229 1431 2252 numen
1464 2217 1506 2252 Ε.

161 2271 205 2301 ’20
238 2277 394 2310 eamque
425 2278 554 2311 38111131
599 2267 747 2310 iamque
780 2268 858 2302 cdd
974 2270 1017 2300 27
1051 2264 1258 2312 (domina)
1288 2266 1427 2300 inserui
1460 2266 1506 2308 cf.

162 2317 239 2348 209
257 2318 298 2348 21
399 2314 527 2360 [quae]
559 2314 648 2349 Oua
676 2314 715 2348 E.
743 2315 804 2348 sed
827 2315 873 2357 cs
898 2317 1051 2356 102.25;
1081 2316 1156 2346 109.
1174 2316 1235 2355 253
1263 2315 1400 2347 207.26
