1591 2556
151 74 234 113 142
709 73 838 106 LIBRI
863 72 931 107 VH

145 170 349 223 ferarum,
381 184 476 210 cum
509 184 674 211 uermes
705 170 895 211 membra
925 169 1165 223 laniabunt,
1197 173 1238 210 et
1276 169 1388 224 ignis
1420 170 1491 211 fla-

147 228 376 283 grantiam,
410 243 505 269 cum
538 229 601 270 sol
633 229 759 269 nimis
801 227 1052 283 [p.117.E.]
1086 228 1297 269 caloribus
1329 228 1490 270 inflam—

146 288 273 328 marit
316 290 502 341 uterum,
541 291 582 328 et
625 287 805 341 patibuli
850 288 1102 339 cruciatum,
1143 302 1238 328 cum
1283 302 1404 329 canes
1449 290 1491 329 et

145 346 338 388 uultures
370 347 521 387 intima
552 346 802 400 protrahent
834 347 1006 388 uiscera.
1046 346 1119 387 sed
1145 349 1188 387 et
1213 349 1371 387 ceteras
1399 346 1489 388 eius

146 420 367 447 aerumnas
394 408 437 446 et
468 408 680 446 tormenta
710 408 940 446 numerate.
983 408 1175 446 mortuae
1206 405 1365 447 bestiae
1398 405 1491 459 ipsa

147 465 296 506 uiuens
339 467 532 505 uentrem
575 464 803 518 habitabit,
849 467 939 505 tum
983 464 1142 505 faetore
1188 464 1319 505 nimio
1369 479 1491 506 nares

146 526 326 577 aestuet,
358 523 521 564 inediae
555 523 742 564 diutinae
778 523 895 565 letali
926 524 1037 564 fame
1075 523 1262 564 tabescet
1293 538 1368 565 nec
1401 523 1489 564 suis

147 583 297 624 saltem
329 581 474 623 liberis
506 583 702 623 manibus
734 586 915 623 mortem
948 582 1030 623 sibi
1068 582 1273 623 fabricare
1305 582 1490 636 poterit.'

233 641 408 682 Talibus
442 641 565 682 dictis
598 656 683 682 non
720 641 899 695 pedibus
933 641 1006 683 sed
1037 642 1140 682 totis
1179 641 1331 682 animis
1362 641 1490 682 latro-

146 716 218 741 nes
245 701 289 740 in
316 700 406 740 eius
432 700 594 741 uadunt
620 701 885 741 sententiam.
925 715 1051 754 quam
1078 700 1184 741 meis
1210 703 1297 741 tam
1325 701 1490 755 magnis

146 760 320 800 auribus
359 759 586 813 accipiens,
619 760 721 814 quid
760 759 874 800 aliud
913 774 1039 813 quam
1078 774 1219 800 meum
1259 759 1491 800 crastinum

146 819 350 860 deflebam
384 819 589 859 cadauer?

628 1009 865 1055 LIBER
909 1009 1012 1055 VII.

233 1123 264 1165 I.
315 1123 376 1165 Vt
413 1124 598 1178 primum
638 1124 823 1166 tenebris
863 1124 1037 1165 abiectis
1077 1124 1164 1165 dies
1197 1124 1412 1165 inalbebat
1450 1127 1491 1165 et

147 1183 371 1224 candidum
398 1183 499 1224 solis
528 1183 784 1224 curriculum
812 1186 963 1225 cuncta
989 1183 1291 1238 conlustrabat,
1319 1183 1490 1238 quidam

146 1242 195 1283 de
227 1257 402 1283 numero
434 1242 648 1283 latronum
680 1243 886 1296 peruenit.
936 1243 996 1283 sic
1028 1242 1139 1283 enim
1172 1245 1343 1283 mutuae
1381 1242 1489 1283 salu-

145 1302 320 1342 tationis
348 1301 537 1342 officium
563 1302 787 1342 indicabat.
826 1302 861 1342 is
888 1302 932 1342 in
957 1302 1096 1355 primo
1123 1301 1346 1355 speluncae
1372 1301 1489 1342 aditu

145 1361 333 1402 residens
371 1364 413 1401 et
450 1375 501 1402 ex
545 1360 735 1402 anhelitu
779 1364 946 1414 recepto
991 1361 1144 1414 spiritu
1189 1360 1273 1401 tale
1312 1360 1489 1415 collegio

147 1435 223 1461 suo
256 1420 454 1460 nuntium
486 1420 589 1461 facit

235 1478 373 1528 ‘Quod
405 1479 457 1519 ad
489 1479 661 1519 domum
694 1478 866 1519 Milonis
898 1478 1106 1532 Hypatini
1139 1493 1265 1532 quam
1297 1479 1488 1532 proxime

147 1538 400 1591 diripuimus
437 1538 641 1591 pertinet,
678 1538 866 1579 discussa
904 1537 1188 1578 sollicitudine
1227 1538 1310 1578 iam
1342 1552 1487 1591 possu-

146 1611 240 1637 mus
279 1611 369 1637 esse
408 1597 555 1638 securi.
611 1600 837 1651 postquam
871 1611 946 1637 uos
979 1597 1109 1650 enim,
1137 1596 1363 1638 fortissimi
1394 1597 1489 1650 uiri,

144 1656 269 1697 rebus
303 1656 464 1696 cunctis
492 1655 644 1697 ablatis
671 1659 809 1697 castra
834 1659 979 1697 nostra
1004 1656 1236 1710 remeasffis,
1269 1655 1488 1696 immixtus

146 1729 224 1769 ego
268 1715 447 1755 turbelis
485 1715 755 1769 popularium
794 1715 1037 1769 dolentique
1078 1717 1204 1769 atque
1248 1715 1487 1769 indignanti

146 1774 298 1815 similis
331 1774 568 1814 arbitrabar
594 1789 720 1828 super
746 1774 1075 1829 inuestigatione
1100 1773 1201 1814 facti
1229 1774 1347 1815 ouius
1373 1774 1488 1814 modi

147 1833 371 1874 consilium
404 1836 601 1887 caperent
627 1836 669 1874 et
695 1848 747 1874 an
774 1836 816 1874 et
848 1836 1054 1888 quatenus
1085 1832 1271 1873 latrones
1302 1833 1488 1887 placeret

146 1892 323 1946 inquiri,
354 1892 674 1933 renuntiaturus
706 1893 847 1946 uobis,
879 1893 943 1933 uti
974 1892 1304 1945 mandaueratis,
1336 1892 1487 1932 omnia.

145 1966 221 1992 nec
253 1952 515 2005 argumentis
543 1951 682 1992 dubiis
709 1952 780 1993 sed
812 1951 1048 1992 rationibus
1074 1950 1367 2005 probabilibus
1393 1965 1487 1992 con-

219 2094 235 2124 1
252 2090 346 2124 simis
361 2090 444 2134 Fq>¹
506 2095 525 2124 2
540 2090 650 2125 nimis
666 2091 693 2125 F
757 2096 776 2126 6
791 2093 871 2125 tum
884 2091 948 2136 Fq>
968 2092 1056 2125 tunc
1071 2091 1093 2124 ὃ
1108 2090 1200 2137 (et)
1211 2101 1294 2124 cum
1305 2090 1380 2125 Pet.
1405 2101 1486 2124 cum

145 2161 185 2196 E.
256 2165 273 2195 τ
295 2162 442 2195 estuent
462 2162 485 2194 ὃ
552 2165 595 2195 14
614 2140 796 2196 inalbebat
821 2162 848 2195 F
942 2165 984 2195 19
1016 2146 1108 2196 satit
1131 2160 1159 2194 F
1180 2160 1270 2195 feeit
1290 2172 1352 2205 ‹pg
1377 2171 1442 2195 om.
1464 2161 1487 2194 ὃ

146 2214 190 2242 22
215 2207 409 2243 fortissimi
435 2207 517 2251 uiri,
532 2208 641 2243 rebus
673 2210 762 2244 ond.
789 2208 1001 2243 fortissimis
1028 2208 1170 2243 uiribus
1197 2209 1275 2243 cdd.
1352 2211 1396 2241 24
1422 2207 1487 2241 do-

145 2255 329 2338 lentigpel
343 2255 467 2289 animo
501 2257 523 2289 ὃ
668 2260 710 2290 ’26
744 2258 920 2300 caperent
951 2258 1004 2301 &g
1047 2257 1196 2300 caperet
1228 2255 1292 2300 Fcp
1338 2265 1486 2299 capere-

163 2315 206 2337 ur
278 2316 338 2338 rc.

1511 1188 1589 1227 15}

1508 1494 1544 1518 20

1507 1787 1540 1813 25
