1591 2556
137 88 226 131 204
679 92 808 128 LIBRI
833 93 935 128 VTIH

138 186 267 227 ulteri
298 202 422 241 posse
455 204 498 230 se
536 189 734 243 perfacile
772 189 979 243 indipisci.
1042 190 1115 231 sed
1152 205 1245 232 ecce
1283 205 1358 245 per
1393 192 1480 246 pla-

137 248 251 286 team
284 246 383 287 dum
408 247 622 288 Barbarus
652 247 775 289 uultu
807 248 977 304 turgido
1011 248 1313 304 subductisque
1339 265 1479 305 super-

142 306 252 347 ciliis
296 306 452 348 incedit
496 307 628 347 iratus
679 322 725 348 ac
769 322 876 362 pone
921 322 1016 349 eum
1059 307 1254 362 Myrmex
1297 309 1480 352 uinculis

140 365 329 419 obrutus,
350 380 434 407 non
456 366 625 420 quidem
646 381 785 407 coram
806 381 939 408 noxae
960 366 1204 422 prehensus,
1225 368 1481 410 conscientia

139 427 280 465 tamen
311 425 495 478 pessima
525 425 772 479 permixtus,
803 425 989 467 lacrimis
1021 425 1221 467 uberibus
1248 441 1294 467 ac
1319 430 1478 481 postre-
1516 445 1533 471 5

139 483 221 524 mis
258 483 635 525 lamentationibus
672 484 931 526 inefficacem
971 488 1210 526 commouet
1246 486 1479 527 miseratio-

137 557 247 597 nem,
279 546 516 596 opportune
542 542 851 585 Philesitherus
885 558 1120 597 occurrenS‚
1152 558 1392 599 quanquam
1422 545 1480 586 di-

138 616 262 642 uerso
285 602 468 656 quodam
493 602 665 657 negotio
693 603 940 657 destinatus,
972 602 1193 656 repentina
1213 606 1354 645 tamen
1373 604 1480 645 facie

137 663 374 715 permotus,
412 675 496 702 non
535 662 646 702 enim
686 662 930 716 deterritus,
971 662 1158 703 recolens
1195 662 1481 704 festinationis

139 734 238 760 suae
272 720 472 761 delictum
504 723 543 762 et
575 723 712 762 cetera
743 722 816 774 <ut
845 722 989 774 erant>
1016 724 1321 775 consequenter
1346 723 1480 776 suspi-
1501 739 1537 764 ιο

139 781 258 819 catus
291 779 516 833 sagaciter,
555 779 766 833 extemplo
799 782 969 834 sumpta
999 780 1200 821 familiari
1232 781 1482 835 constantia,

139 838 313 879 dimotis
346 838 527 879 seruulis
559 839 724 879 inuadit
762 854 856 880 cum
890 853 1054 880 summo
1088 839 1269 880 clamore
1300 839 1481 894 Myrme-

139 911 228 938 cem
261 898 500 952 pugnisque
538 897 670 938 malas
709 897 799 939 eius
837 898 1111 939 inclementer
1150 898 1388 940 obtundens
1423 899 1483 940 ‘at

138 956 196 997 te’
235 956 375 1010 inquit
412 956 736 1010 ‘nequissimum
769 960 810 998 et
848 957 1063 1010 periurum
1104 960 1248 1011 caput,
1285 958 1481 999 dominus

138 1015 219 1056 iste
251 1018 350 1056 tuus
383 1018 425 1056 et
457 1018 608 1056 cuncta
647 1015 749 1056 caeli
788 1016 980 1066 numina,
1018 1030 1123 1070 quae
1162 1016 1386 1058 deierando
1424 1020 1480 1058 te·
1502 1034 1537 1059 15

138 1088 252 1114 mere
291 1074 516 1127 deuocasti⁷
553 1074 786 1128 pessimum
823 1074 1004 1128 pessime
1043 1075 1258 1128 perduint!
1321 1076 1393 1130 qui
1432 1076 1481 1117 de

137 1132 300 1174 bahieis
343 1132 478 1174 soleas
519 1132 718 1174 hesterna
756 1133 822 1174 die
862 1132 969 1174 mihi
1009 1133 1174 1175 furatus
1213 1149 1275 1175 es:
1315 1134 1482 1189 dignus,

136 1191 342 1246 hercules,
375 1192 528 1247 dignus
555 1193 627 1246 qui
655 1196 696 1233 et
721 1192 804 1233 ista
828 1192 999 1233 uincula
1025 1195 1216 1234 conteras
1243 1195 1285 1234 et
1310 1193 1483 1247 insuper

139 1251 318 1292 carceris
352 1251 479 1292 etiam
512 1251 706 1292 tenebras
738 1251 953 1305 perferas.⁹

227 1309 319 1351 Hac
357 1313 596 1364 opportuna
634 1310 801 1351 fallacia
841 1311 1025 1365 uigorati
1066 1311 1233 1351 iuuenis
1270 1311 1482 1366 inductus,
1502 1329 1538 1353 2⁰

138 1369 270 1410 immo
297 1369 392 1410 sub·
420 1369 478 1423 [p.
496 1369 589 1410 168.
603 1368 672 1424 Ε.]
700 1369 812 1410 latus
838 1372 881 1410 et
900 1369 951 1410 ad
973 1369 1265 1411 credulitatem
1285 1369 1482 1424 delapsus

138 1427 352 1469 Barbarus
396 1428 660 1482 postliminio
707 1429 877 1469 domum
919 1442 1135 1483 regressus
1177 1432 1327 1470 uocato
1369 1428 1482 1483 Myr-

138 1489 248 1528 meci
280 1487 416 1529 soleas
448 1487 543 1528 illas
582 1487 762 1528 offerens
801 1491 842 1528 et
880 1488 1047 1542 ignouit
1084 1502 1134 1528 ex
1173 1488 1312 1529 animo
1345 1491 1387 1529 et
1417 1489 1481 1529 uti

139 1546 310 1587 domino
342 1546 545 1600 redderet,
578 1547 645 1587 cui
678 1546 950 1601 surripuerat,
982 1546 1143 1587 suasit.⁹

227 1604 362 1646 XXII.
406 1604 624 1646 Hactenus
669 1605 804 1647 adhuc
846 1605 1011 1646 anicula
1051 1606 1262 1660 garriente
1304 1606 1483 1660 suscipit
1501 1622 1537 1648 25
1589 1616 1591 1659 ξ

139 1664 293 1705 mulier
319 1664 500 1705 ‘beatam
528 1664 645 1705 illam
672 1679 778 1719 quae
804 1667 891 1705 tam
919 1665 1152 1705 constantis
1178 1664 1334 1705 sodalis
1358 1664 1483 1706 liber-

140 1726 228 1765 tate
277 1724 451 1764 fruitur!
498 1727 541 1764 at
578 1737 656 1778 ego
693 1723 859 1764 misella
903 1723 1038 1764 molae
1083 1724 1210 1764 etiam
1254 1738 1405 1765 sonum
1440 1726 1484 1764 et

141 1797 234 1824 ecce
267 1782 382 1823 illius
422 1782 602 1824 scabiosi
641 1783 748 1824 asini
786 1783 936 1824 faciem
974 1783 1194 1823 timentem
1230 1782 1481 1824 familiarem

139 1842 297 1883 incidi?

227 1900 295 1941 Ad
325 1896 428 1941 haec
461 1915 564 1941 anus
599 1901 696 1941 ‘iam
728 1900 808 1941 tibi
841 1914 918 1955 ego
950 1900 1081 1954 probe
1113 1914 1284 1940 suasum
1315 1902 1358 1940 et
1387 1914 1480 1940 con·
1501 1916 1539 1942 30
1589 1909 1591 1914 ⁴

235 2045 255 2074 3
283 2050 367 2074 eum
392 2040 419 2073 F
452 2040 528 2074 iam
554 2049 583 2082 φ
657 2045 678 2074 4
706 2040 866 2084 phensus
892 2052 959 2086 my.
981 2053 1008 2084 φ
1040 2039 1206 2084 phensfi*
1231 2038 1259 2072 F
1289 2023 1433 2084 phensii
1453 2052 1481 2083 φ

142 2094 185 2124 10
213 2091 250 2123 et
276 2089 401 2122 cetera
425 2089 467 2121 ut
487 2090 593 2121 erant
618 2088 748 2131 scripse?
779 2089 821 2121 ut
841 2088 964 2122 cetera
989 2087 1067 2122 cdd.
1089 2088 1131 2130 cf.
1155 2089 1233 2121 170.
1250 2090 1267 2120 1
1301 2087 1339 2121 et
1358 2088 1483 2121 cetera.

140 2137 266 2171 Rohde
374 2133 617 2169 inclementer
655 2135 753 2169 Prie.
799 2133 998 2169 clementer
1033 2133 1098 2177 qu
1213 2136 1256 2167 16
1289 2133 1482 2168 deuocasti

141 2185 272 2228 scripsi
297 2181 485 2216 denotasti
506 2182 583 2216 cdd.
654 2185 696 2215 18
717 2183 886 2216 conteras
906 2181 973 2224 qu
1000 2180 1167 2215 conferas
1188 2179 1262 2214 δΕ.
1332 2183 1375 2214 ’21
1397 2180 1483 2214 sub-

141 2231 258 2277 latus]
284 2240 372 2266 ‘num
401 2230 476 2272 fuit
501 2228 750 2263 subleuatus?
871 2232 924 2263 22.
941 2232 985 2262 23
1017 2226 1193 2272 Myrmeci
1218 2228 1349 2272 scripsi
1383 2227 1482 2271 Myr-

141 2289 243 2313 mece
269 2278 347 2313 cdd.
374 2277 418 2319 ef.
448 2279 525 2310 125.
548 2279 608 2320 303
637 2278 713 2310 192.
738 2279 779 2309 18
860 2279 903 2309 25
930 2277 1049 2318 acten3
1081 2274 1109 2308 F
1207 2277 1260 2309 26.
1277 2277 1320 2309 27
1346 2273 1482 2309 libera-

139 2325 247 2360 litate
268 2325 327 2359 ΒΖ.
