1591 2556
166 112 192 152 ⁶.)
200 111 219 150 l
227 111 251 151 8
708 110 838 145 LIBRI
862 109 964 145 VIIII

255 206 370 248 Haec
402 210 521 248 erant
554 220 660 260 quae
684 207 929 262 prodigiosa
954 209 1307 261 praesagauerant
1333 209 1511 261 ostenta,

165 267 269 307 haec
310 281 416 320 quae
457 265 696 306 miserrimo
740 266 910 307 domino
951 265 1120 306 fuerant
1158 265 1363 306 nuntiata.
1434 280 1510 308 1100

166 326 301 367 ullum
332 325 510 366 uerbum
543 339 590 365 30
617 339 673 366 ne
705 325 881 365 tacitum
915 324 1084 378 quidem
1116 324 1264 366 fletum
1297 327 1362 366 tot
1386 324 1510 366 malis

166 386 480 426 circumuentus
514 398 641 425 senex
679 384 817 438 quiuit
853 384 1045 424 emittere
1077 383 1150 424 sed
1181 385 1356 438 adrepto
1385 383 1511 438 ferro,

166 459 250 499 quo
277 443 545 485 commodum
570 443 681 484 inter
706 457 804 484 suos
832 441 1032 496 epulones
1058 456 1226 483 caseum
1253 444 1379 497 atque
1405 442 1510 484 31133
1547 457 1563 484 ⁵
1590 460 1591 464 ¹

164 503 331 558 prandii
363 505 505 556 partes
538 502 752 555 diuiserat,
792 502 882 555 ipse
914 515 1082 555 quoque
1121 501 1173 542 ad
1210 501 1345 542 instar
1376 501 1510 543 infeli-

164 562 325 604 cissimi
351 561 418 602 sui
443 561 523 602 filii
549 560 743 615 iugulum
769 561 851 601 sibi
877 560 1024 601 multis
1052 560 1207 601 ictibus
1233 561 1510 615 contrucidat,
1582 599 1584 616 ζ

165 621 304 676 quoad
355 635 480 674 super
529 634 718 661 mensam
761 619 956 661 cernulus
1001 634 1200 660 corruens
1243 620 1509 674 portentuosi
1566 631 1584 677 ζ

164 680 327 721 cruoris
358 679 545 720 maculas
576 679 678 720 noui
710 679 929 734 sanguinis
961 678 1093 719 fluuio
1127 678 1298 732 proluit
1570 688 1584 700 ·'

252 737 515 779 XXXVIIII.
559 737 627 778 Ad
670 738 800 778 istum
843 737 1015 778 modum
1057 739 1214 791 puncto
1255 737 1508 779 bleuissimo
1529 725 1591 794 10Q

165 798 352 852 dilapsae
379 798 529 838 domus
549 797 764 838 fortunam
783 797 1035 838 hortulanus
1055 796 1126 837 ille
1146 796 1372 837 miseratus
1393 810 1509 838 suos·

164 872 245 912 que
278 871 399 898 casus
432 856 621 911 gir-auitei
652 857 953 910 ingemescens
985 856 1201 909 deprensis
1229 870 1306 910 pro
1332 855 1509 909 prandio
1568 852 1583 917 3)

161 916 350 958 lacrimis
382 930 622 969 uacuasque
660 930 810 955 manus
848 914 1119 968 complodens
1151 914 1379 968 saepicule,
1416 929 1509 968 pro·
1573 918 1584 960 ἓ

165 976 279 1017 tinus
312 975 507 1016 inscenso
539 990 606 1015 me
638 977 751 1015 ietro
786 988 911 1027 quam
944 987 1194 1014 ueneramus
1223 974 1338 1014 uiam
1370 988 1509 1028 capes·
1575 971 1584 994 ἶ

164 1035 231 1076 sit.
294 1049 369 1075 nec
413 1034 612 1074 innoxius
656 1033 694 1073 ei
738 1032 888 1073 saltem
932 1046 1149 1087 regressus
1192 1032 1343 1073 euenit.
1411 1047 1508 1073 nam
1529 1020 1584 1075 1εῇ

163 1093 334 1148 quidam
373 1107 573 1146 procerus
605 1094 658 1146 et,
696 1094 744 1132 ut
775 1091 989 1132 indicabat
1025 1091 1196 1132 habitus
1228 1094 1354 1145 atque
1391 1091 1507 1132 habi·
1568 1076 1584 1150 J}

162 1153 285 1206 tudo,
318 1152 374 1206 [p.
400 1151 493 1192 179.
515 1151 583 1205 E]
616 1150 738 1191 miles
771 1165 792 1191 e
824 1150 991 1204 legione
1022 1150 1161 1190 iactus
1199 1150 1323 1190 nobis
1355 1150 1507 1191 obuius

162 1211 345 1265 superbo
379 1214 505 1265 atque
538 1209 761 1264 adroganti
790 1223 982 1250 sermone
1007 1211 1279 1263 percontatur
1305 1223 1507 1263 quorsum

161 1285 343 1311 uacuum
377 1270 546 1310 duceret
578 1269 754 1309 asinum.
805 1271 848 1309 at
878 1282 998 1309 meus
1030 1267 1167 1309 adhuc
1198 1282 1386 1309 maerore
1417 1282 1506 1322 per-

161 1330 321 1370 mixtus
361 1332 402 1370 et
439 1328 542 1370 alias
574 1328 716 1369 Latini
754 1327 961 1368 sermonis
1000 1327 1173 1382 ignarus
1205 1327 1360 1368 tacitus
1390 1341 1506 1380 prae·
1525 1329 1585 1367 2⁰ss

161 1389 326 1430 teribat.
388 1402 464 1428 nec
496 1388 616 1428 miles
655 1386 726 1427 ille
758 1386 1010 1427 familiarem
1043 1386 1237 1427 cohibere
1276 1385 1416 1440 quiuit
1447 1386 1506 1427 in-

162 1448 386 1488 solentiam
418 1447 491 1487 sed
523 1446 767 1500 indignatus
800 1445 969 1486 silentio
997 1445 1086 1486 eius
1111 1448 1160 1486 ut
1190 1445 1394 1499 conuicio,
1426 1445 1505 1486 uiti

162 1521 289 1560 quam
330 1506 501 1547 tenebat
542 1505 779 1546 obtundens
824 1519 919 1545 eum
965 1504 1088 1545 dorso
1132 1519 1225 1545 meo
1269 1503 1504 1557 proturbat.

160 1569 262 1606 tunc
286 1565 538 1606 hortulanus
560 1563 779 1617 subplicue
800 1563 1019 1617 respondit
1039 1563 1246 1604 sermonis
1265 1563 1506 1618 ignorantia

161 1639 205 1667 se
232 1624 333 1678 quid
359 1623 430 1665 ille
457 1623 614 1664 diceret
640 1623 746 1664 scire
771 1637 856 1663 non
882 1636 1016 1676 posse.
1067 1635 1167 1677 ergo
1195 1622 1327 1677 igitur
1348 1620 1504 1663 Graece
1523 1635 1558 1662 25

161 1683 372 1726 subiciens
405 1682 527 1723 miles
560 1682 664 1722 ‘ubi’
698 1681 837 1736 inquit
870 1681 1004 1722 ‘ducis
1037 1681 1202 1722 asinum
1234 1681 1411 1722 istum?'
1443 1695 1502 1722 re-

160 1743 332 1796 spondit
357 1741 608 1783 hortulanus
629 1743 770 1794 petere
797 1755 840 1781 se
867 1740 1084 1781 ciuitatem
1110 1740 1359 1794 proximam.
1415 1739 1504 1781 ‘sed

159 1801 282 1843 mihi⁷
320 1801 459 1855 inquit
496 1801 662 1854 ‘operae
707 1800 796 1840 eius
829 1814 934 1853 opus
967 1801 1042 1840 est.
1085 1814 1183 1839 nam
1222 1799 1271 1839 de
1309 1798 1502 1852 proximo

158 1860 333 1902 castello
366 1860 550 1901 sarcinas
582 1858 787 1913 praesidis
825 1858 961 1899 nostri
993 1873 1088 1899 cum
1121 1858 1270 1899 ceteris
1301 1857 1501 1898 iumentis

161 1919 285 1961 debet
316 1919 539 1961 aduehere’
571 1921 613 1959 et
645 1918 799 1958 iniecta
836 1917 981 1958 statim
1014 1931 1141 1957 manu
1172 1916 1264 1957 loro
1295 1931 1380 1970 1110,
1417 1930 1502 1970 quo
1521 1930 1577 1956 30·

159 1978 353 2032 ducebar,
385 1979 605 2032 adreptum
638 1977 787 2030 incipit
818 1976 994 2017 trahere
1046 1976 1119 2016 sed
1143 1975 1394 2016 hortulanus
1419 1976 1501 2029 pri-

158 2038 244 2079 oris
282 2037 430 2092 plagae
471 2036 645 2077 uulnere
686 2035 930 2089 prolapsum
972 2036 1107 2088 capite
1149 2034 1396 2088 sanguinem
1435 2034 1500 2075 de-

158 2100 328 2151 tergens
371 2110 518 2136 rursus
563 2095 811 2148 deprecatur
854 2093 1023 2134 ciuilius
1069 2096 1193 2147 atque
1238 2093 1500 2134 mansuetius

1568 1814 1580 1921 Ξ

1562 1953 1579 2037 ε

1570 2101 1579 2160 3'

257 2252 273 2282 1
301 2246 608 2292 praesagiuerant
633 2246 656 2279 ὃ
722 2249 744 2279 4
770 2245 924 2289 abrepto
944 2244 972 2279 F
1041 2247 1059 2278 7
1085 2243 1253 2288 iugulam
1272 2243 1299 2277 F
1368 2247 1410 2278 12
1437 2244 1499 2278 de-

157 2294 300 2339 prensis
320 2294 388 2338 Faep
415 2292 608 2339 depransis
629 2292 675 2326 de
694 2292 853 2336 prandio
873 2294 895 2326 δ
963 2295 1007 2325 30
1033 2290 1146 2325 debes
1166 2291 1212 2324 ΡΙ
1279 2294 1334 2325 30.
1350 2294 1391 2325 31
1418 2290 1497 2325 loro

157 2353 230 2385 quo
255 2352 313 2376 me
341 2341 528 2376 ducebant
551 2354 580 2385 φ
