1591 2556
529 65 629 101 cAP.
656 65 873 99 XIII—XVI
1315 66 1368 107 79

31 162 124 203 cibo
174 163 404 216 parandam
453 164 672 216 portamus
722 161 773 201 ad
816 164 1010 202 nostrum
1060 161 1371 216 receptaculum

30 221 205 276 eiusque
236 221 367 276 probe
400 221 554 262 nudato
586 220 783 261 carnibus
810 219 933 274 corio,
966 221 1144 262 seruatis
1177 221 1372 262 sollerter

29 280 131 321 totis
157 280 386 335 unguibus,
418 280 509 334 ipso
537 279 664 320 etiam
690 279 849 320 bestiae
877 279 1013 332 capite
1039 279 1090 320 ad
1117 294 1249 333 usque
1276 295 1371 321 con-

29 339 180 380 finium
212 339 387 380 ceruicis
419 338 554 380 solido
586 338 747 391 relictO,
778 341 925 392 tergus
958 352 1081 379 omne
1107 353 1253 379 rasura
1286 342 1370 380 stu-

31 398 149 439 diosa
179 401 402 454 tenuamus
435 400 477 439 et
507 398 673 438 minuto
705 397 843 438 cinere
875 411 1144 451 perspersum
1182 397 1262 438 soli
1295 398 1371 439 sic-

30 456 464 498 candum‘tradimus.
528 472 575 497 ac
613 456 712 497 dum
751 455 943 497 caelestis
985 456 1155 510 uaporis
1188 456 1371 497 flammis

29 519 346 571 examurgatur‚
384 530 461 557 nos
493 515 705 557 interdum
736 515 879 569 pulpis
918 515 1008 556 eius
1040 515 1232 556 ualenter
1264 516 1371 570 sagi-

29 578 195 629 nantes,
234 575 294 616 sic
332 575 509 616 instanti
540 574 718 615 militiae
751 574 1016 628 disponimus
1049 577 1372 627 sacramentum,

29 637 77 675 ut
108 649 218 675 unus
250 649 271 675 e
303 630 479 675 numero
512 635 677 687 nostro,
716 648 800 674 non
833 633 906 687 qui
940 633 1129 687 corporis
1161 633 1265 675 adeo
1298 634 1372 675 sed

29 693 159 734 animi
191 693 341 734 robore
373 693 523 734 ceteris
555 693 789 746 antistaret,
822 695 947 747 atque
981 693 1015 734 is
1048 693 1091 733 in
1123 693 1274 746 primis
1300 707 1372 734 uo-

28 752 256 805 luntarius,
296 751 405 806 pelle
444 752 518 793 illa
555 754 773 793 contectus
817 766 939 792 ursae
984 752 1147 793 subiret
1185 752 1371 806 effigiem

30 811 284 865 domumque
321 811 599 853 Democharis
643 810 800 851 inlatus
843 825 918 865 per
955 813 1193 865 opportuna
1234 811 1371 852 noctis

29 870 198 912 silentia
222 870 345 911 nobis
371 870 520 911 ianuae
545 870 690 911 faciles
716 872 951 923 praestaret
976 870 1126 911 aditus.
1176 869 1268 910 XV.
1296 885 1371 911 nec

29 944 185 984 paucos
234 929 459 971 fortissimi
509 929 678 984 collegii
722 929 871 970 sollers
916 930 1076 982 species
1121 929 1173 969 ad
1218 944 1371 970 munus

30 988 270 1030 obeundum
302 988 533 1030 adrexerat.
582 1003 762 1042 quorum
794 1003 893 1042 prae
926 989 1076 1029 ceteris
1108 987 1371 1042 Thrasyleon

28 1047 224 1089 factionis
263 1048 435 1101 optione
480 1047 666 1088 delectus
711 1047 908 1101 ancipitis
946 1047 1166 1088 machinae
1211 1047 1373 1088 subiuit

30 1106 163 1147 aleam
195 1107 362 1160 iamque
393 1106 528 1157 habili
560 1106 673 1147 corio
707 1109 749 1147 et
779 1106 959 1146 mollitie
997 1106 1211 1147 tractabili
1249 1106 1372 1147 uultu

2 1177 176 1206 ‘sereno
222 1180 312 1206 sese
353 1165 555 1206 recondit.
618 1168 718 1205 tunc
756 1165 873 1206 tenui
918 1165 1140 1206 sarcimine
1185 1179 1372 1206 summas

30 1238 123 1265 oras
162 1225 252 1265 eius
290 1225 573 1278 adaequamus
600 1227 642 1265 et
673 1224 892 1264 iuncturae
931 1224 988 1278 [p.
1014 1224 1080 1264 66.
1106 1223 1175 1277 E]
1220 1225 1370 1265 rimam

19 1282 131 1324 ‘licet
162 1280 533 1338 gracilenss'coetae
566 1283 897 1324 circumfluentis
931 1283 1139 1324 densitate
1172 1283 1372 1336 sepimus3

31 1342 83 1397 ad
114 1343 254 1396 ipsum
286 1342 516 1383 confinium
549 1341 690 1396 gulae,
731 1356 814 1395 qua
850 1342 993 1382 ceruix
1031 1342 1192 1383 bestiae
1232 1342 1372 1383 fuerat

31 1404 196 1455 execta,
238 1401 541 1455 Thrasyleonis
579 1403 706 1455 caput
743 1400 884 1441 subire
922 1401 1114 1455 cogimus
1145 1401 1373 1455 paruisque

31 1460 256 1514 respiratui
289 1460 399 1501 circa
429 1474 551 1501 nares
585 1462 626 1500 et
658 1459 802 1500 oculos
835 1459 944 1500 datis
980 1460 1260 1500 foraminibus
1292 1460 1373 1500 for-

30 1519 243 1560 tissimum
275 1519 437 1560 socium
469 1521 663 1559 nostrum
694 1533 868 1572 prorsus
900 1519 1081 1560 bestiam
1113 1518 1273 1559 factum
1313 1519 1372 1560 in-

31 1578 241 1619 mittimus
274 1592 425 1619 caueae
456 1578 622 1619 modico
653 1577 1031 1632 prae[de]stinatae
1063 1578 1213 1631 pretio7
1246 1593 1373 1632 quam

30 1637 241 1679 constanti
266 1637 414 1692 uigore
439 1637 620 1678 festinus
646 1637 826 1691 inrepsit
851 1637 951 1690 ipse.
985 1637 1037 1677 ad
1062 1636 1174 1678 hunc
1199 1637 1373 1678 modum

29 1696 242 1749 prioribus
281 1695 491 1737 inchoatis
529 1696 589 1736 sic
627 1696 679 1737 ad
710 1696 874 1749 reliqua
913 1696 1105 1737 fallaciae
1142 1696 1371 1761 pergimus.

29 1754 142 1795 XVI.
181 1755 385 1796 sciscitati
417 1770 571 1796 nomen
603 1755 822 1796 cuiusdam
853 1754 1081 1796 Nicanoris
1114 1756 1186 1808 qui
1220 1768 1372 1809 genere

124 1875 143 1904 2
163 1871 304 1905 nudato
320 1892 364 1896 —-
381 1870 480 1905 corio
499 1872 629 1915 εον-11131
653 1871 835 1905 nudatum
850 1892 893 1896 —
911 1870 1049 1905 corium
1069 1872 1147 1905 cdd
1168 1871 1208 1905 E.
1269 1875 1288 1905 5
1315 1870 1370 1904 in-

30 1940 163 1985 guibus
189 1941 271 1985 F¹q2
280 1942 290 1961 ¹
378 1945 395 1975 7
424 1943 652 1986 examurgat·
679 1941 742 1985 qu
815 1919 950 1987 puppis
977 1955 1004 1986 φ
1093 1945 1134 1975 12
1161 1941 1301 1976 inlatus
1328 1942 1372 1975 F¹

33 2026 73 2056 15
100 2023 347 2058 obediendum
373 2024 439 2066 qu
467 2023 668 2058 obiendum
693 2025 715 2058 δ
800 1998 997 2058 adrexerat
1022 2033 1052 2066 φ
1091 2026 1331 2068 arrepxerant
1352 2026 1373 2057 ὃ

30 2069 234 2105 thrasileon
268 2071 296 2104 F
419 2075 461 2106 19
496 2071 607 2105 horas
640 2084 667 2114 φ
789 2075 834 2105 20
870 2071 1032 2116 sepimus
1067 2072 1197 2116 scripsi
1228 2073 1314 2116 quia
1345 2070 1372 2103 F

31 2118 114 2152 aliis
151 2119 237 2152 loeis
275 2119 438 2153 omnibus
475 2119 559 2152 hmo
593 2118 750 2162 scriptua-
752 2130 792 2153 αθ
828 2120 931 2161 fauet
1057 2130 1218 2163 sepimus
1250 2118 1278 2151 F
1317 2128 1373 2151 se-

29 2163 150 2208 pimus
170 2178 198 2209 φ
272 2169 317 2199 24
340 2165 434 2213 Gpsus
448 2165 476 2199 F
501 2178 529 2211 gp
524 2165 612 2198 msus
627 2178 655 2209 φ
729 2169 772 2199 25
792 2165 1049 2209 praestinatae
1069 2166 1240 2200 Bevoalcl.
1267 2175 1372 2209 prae-

34 2211 241 2246 destinatae
260 2214 339 2248 cdd.
360 2212 401 2247 Ε.
428 2215 470 2255 cs.
488 2216 566 2247 189.
582 2216 625 2246 28
652 2216 684 2247 et
709 2215 740 2246 3.
756 2216 816 2256 263
845 2216 898 2247 15.
916 2216 978 2256 303
1008 2216 1084 2247 122.
1101 2216 1162 2255 313
1192 2214 1373 2246 149.1.23

31 2297 72 2327 ‘26
100 2267 177 2328 ἔξω
205 2307 232 2338 φ
