1591 2556
141 76 162 116 1
172 76 192 115 T
199 75 224 116 8
689 75 817 110 LIBRI
841 75 926 110 VHI

140 186 258 213 seum
290 174 500 213 recentem
532 171 788 213 inchoatum.
834 175 878 213 at
909 172 980 214 ille
1013 173 1085 214 diu
1117 174 1252 228 capite
1285 180 1478 230 quassato

140 231 231 271 ‘uos
265 231 422 272 autem’
451 231 591 284 inquit
616 231 682 272 ‘de
709 231 802 272 cibo
828 231 896 272 uel
921 232 1073 285 poculo
1099 232 1169 273 uel
1194 234 1366 275 omnino
1391 234 1480 276 ulla

138 290 365 331 refectione
408 304 521 330 nunc
565 289 789 345 cogitatis?
846 305 899 331 an
943 290 1051 332 nulli
1094 291 1213 333 scitis
1257 307 1340 347 quo
1383 293 1477 335 loco

139 349 456 390 consederitis‘?’
489 351 531 389 et
551 363 645 389 cum
672 349 783 390 dicto
811 349 1028 390 conductis
1049 350 1229 392 ouiculis
1249 366 1477 394 conuersus

137 407 264 463 longe
290 407 474 449 recessit.
508 422 614 462 quae
639 422 725 449 uox
745 408 835 449 eius
856 411 898 449 et
924 408 1027 464 fuga
1051 410 1294 463 pastoribus
1318 411 1476 453 nostris
1513 429 1530 455 5

136 482 222 508 non
253 467 507 508 mediocrem
532 481 733 521 pauorem
759 467 948 508 incussit.
987 482 1035 509 ac
1060 468 1159 509 dum
1185 470 1402 523 perterriti
1427 471 1477 512 de

135 525 218 567 loci
261 526 464 580 qualitate
506 526 714 567 sciscitari
753 527 943 581 gestiunt
983 541 1060 568 nec
1100 530 1165 568 est
1206 529 1277 582 qui
1319 529 1478 584 doceat,

137 600 265 626 senex
297 584 417 639 alius,
448 599 628 639 magnus
654 585 726 626 ille
752 586 934 641 quidem,
966 589 1168 641 grauatus
1195 587 1328 642 annis,
1358 590 1476 629 totus

135 644 180 684 in
199 643 398 685 baculum
417 657 578 698 pronus
599 646 640 685 et
657 644 817 685 lassum
838 644 1010 686 trahens
1030 645 1273 700 uestigium,
1293 646 1477 688 ubertim

136 702 361 744 lacrimans
375 703 577 757 peruiam
597 704 811 758 proximat
823 704 1013 758 uisisque
1027 704 1150 745 nobis
1167 719 1263 746 cum
1276 705 1380 747 fletu
1391 721 1477 747 ma·
1497 724 1531 749 ιο
1581 734 1582 738 =

138 763 250 803 ximo
271 762 537 817 singulorum
558 763 758 804 iuuenum
780 776 917 818 genua
930 763 1180 818 contingens
1200 764 1261 805 sic
1275 765 1478 806 adorabat
1533 763 1536 767 ’
1581 761 1583 787 ¹

222 820 313 862 XX.
369 821 472 862 ‘Per
511 821 722 863 Fortunas
762 823 974 876 <uestras>
1014 826 1265 877 uestrosque
1308 822 1475 875 Genios,
1581 821 1583 831 '

135 880 195 921 sic
227 880 279 920 ad
309 895 426 921 meae
464 881 693 922 senectutis
726 881 862 935 spatia
893 881 1025 922 ualidi
1065 881 1250 936 laetique
1281 883 1475 937 ueniatis‚

135 939 309 993 decepto
348 939 439 981 seni
470 939 690 981 subsistite
722 955 947 994 meumque
978 941 1204 994 paruulum
1236 941 1288 982 ab
1329 941 1476 983 inferis
1508 950 1510 953 '

134 1001 326 1052 ereptum
365 998 479 1039 canis
518 999 622 1039 meis
660 999 832 1040 reddite.
888 1014 1019 1053 nepos
1056 1014 1238 1054 namque
1275 1015 1394 1042 meus
1433 1003 1475 1042 et
1494 1018 1528 1044 15

134 1057 297 1098 itineris
322 1057 450 1097 huius
477 1058 621 1098 suauis
642 1072 781 1099 comes
802 1058 903 1098 dum
928 1058 1038 1099 forte
1063 1073 1201 1112 passe·
1229 1059 1473 1114 [p.147.E.]

135 1131 222 1156 rem
266 1116 553 1157 incantantem
599 1116 1120 1170 sepicula00011sectatu1·
1163 1118 1371 1173 adripere,
1408 1118 1474 1160 de-

133 1175 277 1229 lapsus
309 1175 353 1215 in
384 1175 623 1229 proximam
647 1176 828 1230 foueam,
861 1190 966 1230 quae
991 1176 1218 1217 fruticibus
1250 1176 1348 1218 imis
1380 1177 1474 1218 sub-

133 1237 262 1289 patet,
293 1234 337 1275 in
370 1237 558 1276 extremo
591 1235 675 1275 iam
708 1235 820 1276 uitae
853 1235 1048 1276 consistit
1078 1235 1285 1290 periculo,
1317 1236 1474 1291 quippe

134 1308 230 1334 cum
262 1293 311 1334 de
349 1293 452 1334 fletu
485 1309 532 1335 ac
563 1309 666 1335 uoce
704 1294 839 1348 ipsius
871 1309 998 1335 auum
1037 1294 1119 1335 sibi
1151 1295 1362 1349 saepicule
1394 1295 1474 1336 cla·
1493 1314 1528 1339 20
1583 1293 1585 1326 ἶ

134 1352 326 1393 mitantis
346 1353 491 1394 uiuere
517 1353 639 1394 illum
660 1353 829 1407 quidem
857 1353 1049 1407 sentiam,
1075 1353 1149 1395 sed
1173 1369 1249 1408 per
1274 1354 1474 1409 corporis,

133 1414 181 1451 ut
206 1411 373 1465 uidetis,
392 1412 476 1453 mei
497 1412 703 1453 defectam
728 1412 1007 1453 ualitudinem
1033 1412 1235 1466 opitulari
1257 1427 1474 1467 nequeam.

133 1473 176 1510 at
219 1470 343 1511 uobis
388 1471 539 1512 aetatis
577 1474 620 1512 et
656 1471 822 1512 roboris
862 1471 1066 1513 beneficio
1104 1471 1226 1513 facile
1271 1475 1336 1513 est
1379 1472 1474 1513 sub-

132 1529 285 1583 petiari
324 1530 562 1571 miserrimo
602 1531 693 1571 seni
730 1545 991 1585 puerumque
1028 1530 1151 1571 illum
1192 1531 1474 1572 nouissimum

133 1588 412 1630 successionis
438 1604 555 1630 meae
582 1593 707 1643 atque
733 1590 901 1630 unicam
933 1589 1109 1644 stirpem
1136 1590 1341 1644 sospitem
1367 1589 1473 1631 mihi
1492 1607 1526 1633 25

133 1647 297 1688 facere.9

222 1705 334 1747 XXI.
369 1705 439 1747 Sic
465 1707 728 1761 deprecantis
754 1722 958 1762 suamque
979 1707 1178 1749 canitiem
1199 1708 1473 1749 distrahentis

132 1768 246 1806 totos
279 1765 447 1820 quidem
473 1767 679 1820 miseruit,
711 1767 784 1808 sed
815 1781 924 1807 unus
955 1782 1055 1821 prae
1088 1761 1238 1809 ceteris
1265 1770 1308 1808 et
1333 1767 1473 1809 animo

131 1824 283 1865 fortior
315 1827 357 1865 et
393 1828 529 1866 aetate
567 1826 762 1866 iuuenior
793 1828 834 1866 et
872 1840 1046 1879 corpore
1084 1826 1283 1880 ualidior,
1315 1826 1473 1881 quique

170 1965 184 1978 ⁸
229 1979 246 2008 1
279 1975 495 2010 inchoatum
527 1976 630 2018 Ὲφὸ
679 1978 849 2011 coactum
881 1977 980 2012 Vulc.
1030 1978 1197 2012 recenter
1234 1975 1475 2021 coagulatum

133 2023 261 2057 Heius.
322 2070 328 2076 ι
358 2024 535 2066 quassato
573 2025 703 2068 scripsi
739 2025 783 2067 cf.
811 2028 932 2059 3314
963 2028 996 2073 et
1027 2028 1080 2059 53.
1102 2028 1164 2067 32;
1193 2027 1247 2058 74.
1269 2028 1330 2067 263
1359 2027 1470 2058 1521

133 2078 334 2137 quassante
360 2093 387 2126 F
414 2094 607 2137 quassanti
634 2095 693 2138 φδ
789 2098 811 2127 4
837 2096 881 2138 cf.
902 2095 1003 2140 Ver-9.
1029 2095 1121 2129 Aen.
1147 2094 1208 2129 IV.
1236 2097 1280 2127 39
1371 2098 1391 2129 5
1417 2094 1473 2128 fu-

132 2151 218 2185 gam
244 2154 272 2184 φ
346 2144 366 2174 6
387 2142 425 2174 et
444 2151 518 2174 non
539 2155 566 2185 φ
644 2145 685 2175 12
700 2141 901 2189 (uestras)
921 2143 989 2177 ins.
1004 2142 1187 2177 Rossbach
1255 2145 1308 2176 16.
1327 2145 1368 2175 17
1389 2152 1473 2186 pas-

132 2196 213 2245 sgr}
239 2211 266 2244 F
291 2212 336 2255 cf.
364 2215 442 2245 143.
455 2215 516 2255 233
546 2215 623 2246 195.
640 2216 683 2245 22
775 2216 820 2246 20
846 2224 958 2246 auum
984 2214 1024 2247 in
1048 2212 1076 2246 F
1102 2223 1204 2247 rescr.
1231 2223 1276 2246 m.
1302 2224 1353 2255 r.;
1378 2213 1420 2247 i‘n
1445 2225 1474 2256 φ
1514 2252 1515 2255 ¹

131 2259 171 2292 in
197 2259 262 2293 Iac.
288 2259 404 2303 suppl.
431 2270 476 2294 m.
500 2271 528 2293 r.
627 2263 670 2292 23
696 2259 878 2294 beneficia
904 2273 932 2303 φ
1038 2263 1081 2294 29
1114 2258 1284 2294 fortiori*
1309 2259 1337 2293 F
1369 2261 1472 2303 (corr.

133 2317 175 2339 m..
202 2318 230 2340 r.
258 2307 298 2340 in
323 2305 469 2350 fortior)
507 2305 638 2340 fortior
664 2319 692 2350 φ
789 2307 945 2351 quisque
972 2315 1002 2349 φ
