1591 2556
131 90 158 130 2
164 91 183 130 1
190 91 218 130 O
673 89 802 123 LIBRI
827 89 930 123 VIIII

133 186 428 228 ueteratricem
461 185 671 240 quandam
703 185 924 239 feminam,
962 199 1069 240 quae
1101 185 1399 228 deuotionibus
1430 201 1478 228 ac

130 245 352 287 maleficiis
403 245 572 299 quiduis
623 244 788 286 efficere
841 258 966 298 posse
1016 244 1279 299 credebatur,
1329 244 1477 286 multis

132 307 281 346 exorat
312 304 507 359 precibus
539 303 771 357 multisque
804 301 1051 344 suffarcinat
1080 303 1340 358 muneribus,
1377 303 1477 345 alte-

131 379 225 405 rum
260 364 308 405 de
342 363 506 404 duobus
544 362 777 416 postulans,
808 362 877 402 uel
908 377 1077 403 rursum
1112 362 1310 417 mitigato
1341 363 1476 405 conci-

131 423 228 464 liari
259 423 433 475 marito,
469 421 540 462 uel
571 421 608 462 si
639 421 682 462 id
713 421 966 476 nequiuerit,
1002 424 1114 462 certe
1145 420 1265 462 larua
1302 421 1372 463 uel
1403 422 1476 463 ali·
1513 439 1530 464 5
1586 434 1589 458 !

132 497 216 537 quo
262 482 353 523 diro
397 480 570 522 numine
620 480 811 523 immisso
855 479 1065 521 uiolenter
1108 479 1198 522 eius
1241 481 1477 536 expugnari

131 541 342 595 spiritum.
404 543 506 581 tunc
543 552 646 594 saga
682 539 756 581 1113
788 542 830 580 et
862 539 995 580 diuini
1032 541 1183 593 potens
1221 540 1372 593 primis
1410 540 1476 581 ad-

130 600 213 641 huc
246 599 374 640 armis
405 599 667 640 facinorosae
700 598 947 652 disciplinae
979 612 1078 639 suae
1109 598 1313 640 uelitatur
1342 601 1385 640 et
1408 613 1477 640 ue-

130 659 352 700 hementer
396 658 602 699 offensum
645 657 788 699 mariti
828 658 996 698 flectere
1039 660 1164 711 atque
1206 657 1250 698 in
1291 671 1477 699 amorem

132 717 347 772 impellere
380 719 557 758 conatur
595 716 792 758 animum,
857 731 963 770 quae
1001 731 1068 758 res
1100 731 1196 757 cum
1234 717 1272 758 ei
1304 717 1477 771 sequius
1497 735 1532 759 ιο
1574 765 1578 769 .

132 792 178 818 ac
210 779 303 818 rata
332 776 472 818 fuerat
499 775 756 830 proueniret,
788 776 983 827 <inritis>
1008 775 1229 830 indignata
1253 776 1477 817 conamini·

132 837 212 877 bus
254 839 296 878 et
333 838 500 889 praeter
537 835 715 889 praemii
753 834 1011 876 destinatum
1049 834 1345 888 compendium
1384 849 1478 876 con-

131 895 365 949 temptione
398 894 526 935 etiam
558 894 794 947 stimulata,
832 893 913 947 ipsi
951 893 1035 934 iam
1067 893 1296 935 miserrimi
1334 894 1478 935 mariti

131 954 282 1008 incipit
307 954 528 994 imminere
556 953 685 1007 capiti
707 953 986 1006 umbramque
1006 952 1215 994 uiolenter
1235 955 1478 1007 peremptae

130 1013 321 1054 mulieris
354 1013 405 1053 acl
436 1012 614 1053 exitium
647 1011 736 1052 eius
769 1011 983 1065 instigare.
1498 1030 1532 1053 15

220 1071 352 1112 XXX.
387 1070 469 1112 Sed
481 1071 674 1124 forsitan,
698 1070 844 1123 lector,
865 1069 1156 1123 scrupulosius
1169 1070 1480 1124 reprehendens

134 1133 353 1172 narratum
394 1144 535 1171 meum
574 1130 634 1170 310
672 1128 1035 1184 argumentaberis
1074 1129 1198 1169 ‘unde
1239 1132 1380 1171 autem
1419 1133 1480 1184 tu⁷

133 1189 297 1231 acutule
330 1189 463 1243 asine,
501 1189 613 1229 intra
651 1188 855 1230 terminos
893 1187 1065 1242 pistrini
1096 1190 1338 1242 contentus,
1376 1189 1478 1243 quid

135 1252 309 1303 secreto⁷
340 1251 388 1289 ut
420 1248 629 1301 adfirmas,
659 1247 857 1288 mulieres
887 1247 1096 1302 gesserint
1121 1247 1226 1288 scire
1251 1247 1477 1301 potuisti‘?’

132 1308 272 1362 accipe
304 1308 437 1362 igitur
469 1322 593 1361 quem
626 1306 679 1348 ad
708 1307 882 1348 modum
912 1305 1041 1347 homo
1073 1306 1264 1347 curiosus
1295 1306 1475 1348 iumenti
1494 1326 1530 1350 20
1580 1344 1581 1348 ,

130 1368 281 1408 faciem
313 1366 527 1407 sustinens
560 1369 710 1407 cuncta
736 1380 841 1420 quae
868 1365 911 1406 in
936 1365 1164 1419 perniciem
1190 1365 1364 1419 pistoris
1389 1367 1473 1407 mei

132 1429 253 1481 gesta
285 1429 384 1466 sunt
416 1426 608 1480 cognoui.

218 1485 343 1526 Diem
374 1484 506 1525 ferme
545 1484 655 1525 circa
684 1483 866 1524 mediam
899 1485 1070 1537 repente
1102 1484 1214 1524 intra
1244 1484 1471 1537 pistrinum

132 1544 285 1585 mulier
323 1544 471 1597 flebilis
510 1546 629 1598 reatu
668 1543 857 1596 miraque
899 1542 1073 1583 tristitie
1112 1542 1312 1583 deformis
1349 1557 1471 1597 appa-

132 1603 229 1656 ruit,
249 1602 452 1656 <scissili>
472 1597 724 1643 centunculo
745 1616 806 1642 se·
827 1601 883 1655 [p.
902 1601 984 1642 173
998 1600 1068 1655 Ε]
1094 1601 1323 1655 111131111013,
1348 1602 1474 1643 nudis
1493 1620 1527 1645 25

131 1665 173 1703 01
203 1662 373 1703 111100113
405 1661 601 1715 pedibus,
638 1661 778 1701 lurore
809 1660 947 1701 buxeo
980 1660 1195 1714 macieque
1231 1660 1401 1702 foedata
1431 1664 1474 1702 et

132 1721 365 1774 discerptae
405 1735 546 1761 comae
580 1721 812 1761 semicanae
845 1719 1063 1760 sordentes
1096 1719 1289 1773 inspersu
1322 1720 1473 1761 cineris

233 1898 249 1928 7
285 1894 403 1928 diuini
434 1895 512 1929 cdd.
559 1894 688 1928 diuina
721 1895 823 1929 Corn.
857 1895 902 1937 cf.
930 1898 1021 1928 525
1144 1898 1256 1928 1112
1291 1893 1472 1941 <inritis)

134 1941 332 1986 indignata
359 1941 458 1994 <00>
495 1941 707 1976 namim'bus
742 1943 871 1986 scripsi
913 1940 1112 1985 indignata
1146 1940 1360 1975 numinibus
1395 1942 1472 1976 cdd.

136 1992 251 2024 1213
279 1990 516 2023 contentione
542 1989 638 2033 Ρφὸ
737 1993 779 2022 16
807 1988 1057 2033 scrupulosius
1083 1989 1213 2033 scripsi
1238 1987 1474 2032 scrupulosus

131 2037 207 2070 cdd.
236 2036 280 2078 cf.
310 2039 464 2078 181.19;
493 2039 630 2070 182.23
729 2039 772 2069 18
798 2035 947 2070 acutule
973 2036 1102 2080 scripsi
1132 2034 1295 2069 astutule
1321 2035 1398 2070 cdd.
1426 2036 1472 2079 cf.

133 2087 269 2117 113.16
308 2084 370 2116 ubi
400 2094 466 2127 my.
494 2082 521 2116 F
553 2088 585 2117 et
617 2096 644 2127 φ
681 2084 811 2117 habent
848 2082 1012 2117 astutule
1132 2083 1328 2116 contentus
1360 2090 1390 2124 φ
1426 2083 1471 2125 cf.

136 2132 211 2165 158.
229 2134 290 2172 223
314 2133 390 2163 174.
410 2133 452 2163 14
478 2131 670 2164 contectus
690 2130 717 2163 F
732 2130 772 2164 E.
798 2129 908 2174 pistri
926 2129 1088 2164 intectus
1108 2130 1130 2163 δ
1201 2133 1255 2163 24.
1272 2132 1314 2163 25
1340 2128 1475 2164 mulier

134 2176 269 2211 flebilis
295 2178 402 2211 reatu
416 2198 460 2201 —
477 2176 668 2223 (scissili)
691 2176 912 2211 centunculo
932 2177 1062 2221 scripsi
1085 2175 1218 2210 mulier
1237 2178 1345 2210 reatu
1364 2176 1475 2210 mia-a-

134 2235 204 2267 que
230 2223 384 2258 tristitie
406 2223 580 2258 deformis
601 2224 776 2268 apparuit
795 2223 911 2258 fiebili
933 2222 1152 2258 centunculo
1173 2224 1252 2258 cdd.
1274 2224 1318 2267 cf.
1341 2227 1396 2258 32.
1411 2227 1473 2266 233

130 2275 186 2305 43.
204 2274 266 2313 143
290 2275 366 2305 173.
383 2274 426 2304 24
460 2270 594 2305 mulier
618 2271 735 2305 flebili
759 2273 864 2305 reatu
881 2293 923 2296 —
939 2269 1114 2315 apparuit
1139 2270 1361 2305 centunculo
1380 2271 1472 2305 Bsn.

133 2319 228 2363 quod
253 2320 301 2352 (ul
328 2318 461 2352 scissili
488 2320 532 2361 cf.
560 2322 643 2361 423
672 2322 808 2352 162.10
