1591 2556
569 101 668 136 CAP.
694 99 915 135 vii—vnn
1361 95 1417 138 53

76 201 148 242 sed
180 215 264 242 una
294 202 460 242 tantum
493 197 708 240 subsiciua
739 195 981 238 sollicitudo
1014 195 1137 235 nobis
1164 194 1313 236 relicta
1344 197 1421 249 est,

74 263 122 301 ut
154 262 316 301 ceteros
348 258 484 300 socios
515 256 625 298 tanti
650 255 850 297 facinoris
876 254 1152 308 requiramus.
1204 269 1281 295 nec
1306 254 1420 296 enim

74 319 166 360 ueri
198 317 334 360 simile
375 319 440 358 est
470 315 686 357 hominem
729 313 969 356 solitarium
1007 316 1092 354 tres
1129 315 1217 353 tam
1254 312 1420 354 ualidos

76 378 257 419 euitasse
299 376 483 417 iuuenes.
545 374 724 429 prohinc
762 372 989 415 tormentis
1026 371 1186 412 ueritas
1228 372 1423 427 eruenda,

40 456 56 481 5
76 452 173 478 nam
211 438 253 477 et
291 435 364 490 qui
396 434 679 476 comitabatur
724 447 819 474 eum
858 446 963 486 puer
1000 429 1191 472 clanculo
1229 431 1422 485 profugit

77 499 118 537 et
148 509 215 536 res
247 494 299 535 ad
329 493 410 535 hoc
437 493 616 535 deducta
641 495 716 546 est,
749 495 796 532 ut
825 506 901 545 per
928 489 1219 545 quaestionem
1252 489 1422 531 sceleris

76 555 141 595 sui
167 567 258 608 par·
280 553 338 608 [p.
353 551 506 607 44.E.]
527 552 678 606 ticipes
705 550 874 604 indicet,
900 552 948 591 ut
974 552 1062 590 tam
1083 549 1197 590 dirae
1222 548 1422 590 factionis

75 612 268 654 funditus
300 611 483 653 formido
515 610 785 666 perematur.’

163 669 303 712 VIIII.
352 670 443 713 Nec
468 685 587 711 mora
613 684 707 711 cum
734 669 820 710 ritu
842 667 1085 710 Graeciensi
1111 666 1223 722 ignis
1251 669 1293 708 et
1317 669 1424 721 rota,

22 750 57 776 10
76 734 167 772 tum
195 745 318 771 omne
344 730 575 785 flagrorum
603 725 736 784 genus
763 727 1014 769 inferuntur.
1048 728 1227 781 augetur
1254 725 1424 781 oppido,

77 790 207 831 immo
249 789 490 844 duplicatur
528 788 635 829 mihi
672 787 887 829 maestitia
925 785 1038 840 quod
1079 785 1246 840 integro
1279 785 1423 826 saltim

75 849 185 890 mori
215 863 301 890 non
332 848 512 889 licuerit.
569 847 643 889 sed
675 861 780 888 anus
812 846 898 900 illa,
931 859 1037 899 quae
1069 844 1240 886 fletibus
1273 847 1424 886 cuncta

76 908 323 949 turbauerat
355 907 504 961 ‘prius'
536 906 677 961 inquit
708 905 875 960 ‘optimi
903 904 1028 958 ciues,
1062 918 1188 958 quam
1213 903 1423 945 latronem

76 967 208 1008 istum
232 967 484 1008 miserorum
510 966 738 1021 pignorum
765 979 955 1006 meorum
976 965 1289 1017 peremptorem
1310 962 1425 1004 cruci

2 1045 57 1070 '15
77 1026 285 1081 adfigatis7
316 1025 553 1080 permittite
586 1039 763 1079 corpora
793 1026 1039 1065 necatorum
1072 1021 1271 1077 reuelari3
1302 1024 1351 1063 ut
1382 1024 1425 1063 et

74 1085 234 1126 formae
261 1084 389 1126 simul
415 1087 456 1126 et
477 1084 627 1126 aetatis
655 1082 1012 1137 contemplatione
1038 1081 1175 1136 magis
1201 1081 1424 1136 magisque

76 1144 128 1185 ad
167 1144 323 1185 iustam
363 1143 700 1199 indignationem
739 1142 889 1183 arrecti
928 1155 1004 1195 pro
1046 1140 1171 1181 modo
1218 1140 1423 1182 facinoris

75 1203 303 1244 saeuiatis.'

165 1261 246 1303 His
267 1262 391 1302 dictis
412 1261 683 1315 adplauditur
704 1263 746 1301 et
772 1259 870 1300 ilico
891 1274 958 1300 me
978 1258 1255 1313 magistratus
1282 1258 1422 1312 ipsum

25 1339 60 1364 20
82 1321 200 1362 iubet
232 1335 418 1375 corpora,
451 1335 557 1374 quae
588 1319 744 1360 lectulo
777 1318 946 1359 fuerant
977 1318 1135 1372 posita,
1172 1331 1267 1359 mea
1297 1332 1426 1358 manu

84 1380 288 1434 detegere.
332 1379 607 1421 reluctantem
628 1393 694 1419 me
716 1392 763 1418 ac
784 1377 853 1417 diu
875 1380 1153 1418 rennuentem
1173 1376 1427 1431 praecedens

80 1439 244 1480 facinus
287 1439 521 1479 instaurare
559 1452 671 1478 noua
709 1436 948 1477 ostensione
988 1435 1159 1477 lictores
1191 1432 1311 1477 iussu
1342 1450 1427 1476 ma-

82 1498 342 1552 gistratuum
387 1511 514 1551 quam
565 1495 873 1537 instantissime
924 1494 1205 1549 compellunt,
1252 1509 1426 1536 manum

85 1557 265 1611 denique
295 1557 432 1610 ipsam
458 1571 479 1597 e
511 1555 683 1610 regione
715 1554 862 1596 lateris
903 1554 1130 1596 tundentes
1171 1554 1215 1595 in
1248 1553 1426 1596 exitium

32 1633 66 1658 25
86 1631 210 1657 suum
243 1630 368 1669 super
400 1615 492 1669 ipsa
524 1615 728 1655 cadauera
759 1614 994 1668 porrigunt.
1057 1613 1221 1654 euictus
1259 1613 1429 1654 tandem

71 1675 336 1716 necessitate
375 1674 603 1715 succumbo
648 1676 690 1714 et
720 1673 900 1728 ingratis
937 1672 1038 1714 licet
1081 1674 1254 1726 adrepto
1298 1672 1428 1726 pallio

84 1734 218 1775 retexi
249 1748 436 1788 corpora.
499 1733 557 1773 dii
587 1732 707 1787 boni,
739 1747 845 1786 quae
875 1731 1004 1773 facies
1036 1732 1113 1772 rei!
1158 1731 1271 1786 quod
1307 1745 1429 1772 mon·
1465 1754 1467 1756 ·

85 1793 238 1834 strum!
295 1807 400 1847 quae
437 1792 705 1833 fortunarum
742 1806 931 1832 mearum
969 1790 1189 1844 repentina
1225 1790 1425 1831 mutatio!

85 1866 326 1906 quanquam
368 1851 480 1892 enim
524 1851 607 1891 iam
649 1850 692 1891 in
730 1850 895 1904 peculio
933 1849 1210 1904 Proserpinae
1252 1852 1294 1891 et
1326 1848 1427 1891 Orci

30 1927 64 1952 30
82 1910 244 1951 familia
275 1913 521 1952 numeratus
554 1909 695 1950 subito
728 1910 771 1950 in
804 1909 1058 1951 contrariam
1095 1909 1246 1950 faciem
1283 1908 1426 1949 obstu—

85 1970 275 2024 pefactus
316 1969 433 2011 haesi
471 1983 547 2010 nec
585 1983 759 2022 possum
800 1983 934 2010 nouae
973 1968 1088 2009 illius
1127 1967 1326 2023 imaginis
1363 1982 1434 2024 ra:-

11 2038 18 2057 t

180 2102 197 2132 1
227 2097 425 2132 solicitudo
450 2097 478 2130 F
575 2101 597 2130 4
624 2095 785 2131 euitasse
811 2096 877 2139 qu
908 2106 1081 2131 enecasse
1108 2097 1163 2141 &g
1261 2099 1304 2130 10
1329 2096 1425 2140 tum]

86 2153 129 2202 cii
154 2167 223 2210 Faep
268 2169 305 2202 et
332 2169 385 2212 &g
530 2166 745 2213 flagrorum]
776 2144 972 2212 flagidrum
1002 2166 1030 2200 F
1065 2155 1309 2212 “flagitiorum
1334 2166 1427 2209 (pdg

86 2241 128 2271 1-2
155 2237 230 2271 suis
250 2237 398 2272 fletibus
419 2239 442 2272 ὃ
516 2241 559 2272 17
587 2222 743 2271 aiectiF
807 2241 847 2271 21
866 2237 1112 2272 reluctantem
1127 2238 1256 2281 scripse*
1281 2236 1425 2270 luctan-

84 2286 159 2318 tem
178 2286 255 2319 cdd.
282 2287 524 2319 rennuentem
543 2285 571 2318 F
597 2286 813 2319 renuentem
831 2285 871 2320 E.
898 2284 1120 2319 renitentem
1141 2292 1170 2326 φ
1239 2287 1282 2317 26
1307 2284 1344 2317 et
1362 2293 1425 2317 ne-

85 2331 257 2366 cessitate
278 2345 306 2376 φ
364 2331 533 2377 ingratus
554 2345 581 2376 φ
609 2331 763 2376 abrepto
783 2331 847 2376 Ρφ
869 2333 1178 2375 cf142.15;92.14
1230 2334 1271 2364 27
1295 2329 1425 2374 ditip
