1591 2556
176 78 260 119 128
746 78 875 112 LIBRI
899 79 949 113 VI

265 173 334 216 Sic
367 175 482 216 aiens
515 175 716 216 crustallo
750 175 992 216 dedolatum
1018 175 1250 230 uasculum,
1281 175 1453 230 insuper
1479 176 1517 216 ei
1578 187 1579 193 ¹

173 234 373 289 grauiora
410 234 666 275 comminata
697 234 882 274 tradidit.
907 252 930 266 π

264 291 402 333 XIIII.
464 292 523 333 At
567 292 641 333 illa
681 293 869 334 studiose
911 293 1089 347 gradum
1131 293 1315 334 celerans
1359 293 1518 334 montis

174 354 412 393 extremum
461 352 569 405 petit
619 352 836 393 cumulum
886 355 996 393 certe
1040 351 1109 392 uel
1158 352 1245 393 illic
1293 352 1520 393 inuentura

175 411 289 452 uitae
321 411 528 465 pessimae
560 411 698 451 finem.
750 411 822 452 sed
854 425 949 452 cum
981 410 1166 464 primum
1198 411 1402 465 praedicti
1428 411 1517 465 iugi

175 470 464 511 conterminos
483 469 599 510 locos
620 470 796 524 appulit,
828 470 944 511 uidet
964 469 1025 510 rei
1044 472 1189 511 uastae
1214 469 1384 511 letalem
1411 470 1518 511 diffi-

175 529 388 570 cultatem.
420 543 602 582 namque
623 543 770 569 saxum
791 529 966 569 immani
986 529 1277 585 magnitudine
1296 543 1520 583 procerum

175 591 218 629 et
249 588 461 628 inaccessa
493 587 737 628 salebritate
768 587 979 628 lubricum
1011 588 1161 628 mediis
1194 603 1215 629 e
1240 588 1434 629 faucibus
1463 587 1520 628 la-

175 647 287 701 pidis
318 646 458 687 fontes
490 646 685 687 110111ε103
718 647 952 701 euomebat,
985 647 1057 700 qui
1089 647 1234 688 statim
1263 647 1387 701 proni
1411 647 1519 696 for-a

175 706 302 746 minis
335 705 497 746 lacunis
530 706 631 746 editi
663 720 821 760 perque
852 705 1040 760 procliue
1079 705 1239 760 delapsi
1277 709 1319 747 et
1350 705 1520 761 angusti

175 765 333 806 canalis
372 766 525 806 extrito
565 765 744 805 contecti
785 765 954 806 tramite
993 779 1246 819 proxumam
1284 765 1544 806 conuallem¹'

174 824 358 865 latenter
389 824 641 864 incidebant.
705 824 853 864 dextra
890 824 1094 878 laeuaque
1133 824 1327 865 cautibus
1360 824 1520 865 canatis

175 886 431 937 proseipunt
465 882 542 937 [et]
574 883 702 937 longa
735 883 842 923 00113
875 883 931 937 [p.
956 883 1049 923 106.
1076 882 1144 937 E]
1183 883 1367 937 porrecti
1405 883 1520 924 saeui

177 942 378 983 dracones
420 942 641 983 inconiuae
683 942 855 996 uigiliae
896 942 1129 982 luminibus
1174 942 1351 983 addictis
1396 945 1437 983 et
1477 942 1520 982 in
1585 944 1587 973 {

176 1004 425 1067 perpetuam
474 1000 612 1041 lucem
661 1001 832 1054 pupulis
883 1001 1200 1042 excubantibus
1263 1001 1430 1055 iamque
1480 1003 1555 1042 et¹

177 1060 294 1114 ipsae
321 1062 452 1100 semet
478 1060 726 1100 muniebant
751 1059 918 1100 uocales
946 1075 1088 1114 aquae.
1133 1075 1231 1100 nam
1257 1063 1298 1101 et
1325 1060 1522 1101 ‘discede’

178 1122 220 1159 et
258 1119 376 1172 ‘quid
413 1119 517 1159 facis
556 1118 668 1159 uide’
712 1121 754 1159 et
795 1119 805 1136 ς

811 1119 912 1173 quid
954 1119 1044 1173 agis
1077 1119 1192 1160 caue’
1238 1122 1280 1160 et
1311 1119 1442 1174 ‘fuge'
1480 1121 1523 1160 et
1586 1132 1591 1143 *⁴

179 1178 368 1232 ‘peribis’
401 1177 578 1218 subinde
605 1177 798 1218 clamant.
850 1178 909 1218 sic
936 1177 1280 1231 impossibilitate
1311 1178 1404 1232 ipsa
1434 1192 1523 1218 mu·
1587 1176 1591 1198 ²*

178 1240 268 1277 tata
300 1237 343 1277 in
374 1236 557 1290 lapidem
583 1235 748 1290 Psyche
775 1237 970 1290 quamuis
995 1237 1207 1290 praesenti
1233 1251 1407 1292 corpore
1433 1251 1523 1278 sen-

180 1296 298 1337 sibus
348 1299 490 1336 tamen
541 1295 686 1336 aberat
736 1298 777 1336 et
826 1296 1131 1337 inextricabilis
1186 1296 1364 1350 periculi
1411 1295 1523 1337 mole
1587 1305 1591 1330 ¹,

179 1369 354 1409 prorsus
387 1355 540 1395 obruta
570 1354 854 1395 lacrumarum
887 1355 1014 1396 etiam
1050 1357 1238 1396 extremo
1271 1355 1426 1396 solacio
1459 1369 1521 1396 ca·
1588 1358 1591 1403 ζ

178 1414 309 1455 rebat.
369 1413 461 1454 XV.
500 1428 576 1455 nec
606 1413 905 1466 Prouidentiae
936 1414 1070 1455 bonae
1102 1428 1253 1469 graues
1286 1414 1430 1456 oculos
1462 1414 1522 1454 in·
1588 1442 1589 1448 1

179 1473 369 1514 nocentis
411 1473 574 1513 animae
614 1472 740 1513 latuit
782 1488 992 1514 aerumna.
1048 1488 1145 1514 nam
1183 1473 1369 1527 supremi
1405 1472 1522 1514 Iouis
1588 1474 1589 1477 ’

178 1532 333 1587 regalis
379 1532 464 1572 ales
509 1531 582 1572 illa
631 1534 802 1585 repente
850 1532 1073 1586 propansis
1122 1532 1336 1586 utrimque
1379 1532 1522 1586 pinnis
1554 1537 1590 1575 ,¹

180 1592 301 1632 affuit
338 1606 469 1644 raan
508 1590 665 1644 aquila,
708 1605 952 1645 memorque
990 1591 1146 1632 ueteris
1185 1591 1394 1646 obsequii,
1439 1605 1521 1645 quo
1558 1587 1591 1623 Ἣ

180 1650 309 1691 ductu
331 1649 550 1703 Cupidinis
582 1648 673 1690 Ioui
700 1650 992 1703 pocillatorem
1018 1650 1254 1705 Phrygium
1281 1650 1522 1704 sustulerat,
1590 1654 1591 1700 3

179 1712 433 1763 oportunam
464 1708 603 1750 ferens
636 1723 758 1762 opem
791 1709 939 1763 deique
970 1724 1127 1750 numen
1158 1709 1201 1750 in
1233 1709 1378 1750 uxoris
1408 1709 1522 1750 labo·
1558 1710 1564 1718 ”
1590 1701 1591 1712 ’

280 1852 302 1882 4
341 1847 529 1902 cumulum
560 1848 624 1893 Fq>
633 1860 658 1893 g
700 1848 885 1883 tumulum
911 1849 986 1884 ὂΕ.
1083 1853 1116 1883 4.
1132 1853 1152 1883 5
1178 1849 1378 1883 inuentura
1402 1847 1520 1894 uitae]
1558 1854 1561 1858 ’

179 1907 281 1941 1111110
307 1907 334 1940 F
367 1907 467 1941 inuie
494 1898 594 1941 inuie
621 1921 649 1952 φ
680 1907 800 1942 τ1111111ῡο
827 1909 849 1942 ὃ
922 1911 942 1941 8
968 1907 1086 1942 medis
1107 1919 1126 1942 e
1145 1907 1286 1951 raucib3
1312 1907 1358 1940 F¹
1389 1906 1522 1941 mediis

179 1966 350 2000 faucibus
371 1966 417 1999 ΕΞ
442 1957 571 2000 medis
583 1957 601 2000 e
621 1965 795 2000 raucibus
816 1967 862 2009 φ1
887 1966 1020 2000 mediis
1041 1977 1060 2000 0
1080 1965 1250 2000 faucibus
1271 1966 1319 2010 φ2
1370 1970 1433 2038 u11
1462 1976 1523 2000 ex-

179 2047 269 2082 trito
296 2060 424 2092 30111131
456 2051 584 2083 exarto
610 2048 637 2082 F
670 2050 818 2083 exarcto
845 2062 872 2092 φ
905 2051 1057 2083 exarato
1083 2049 1159 2084 Pet
1259 2052 1301 2082 12
1329 2047 1475 2082 catibus
1494 2048 1522 2082 F

182 2095 252 2141 [et]
284 2095 354 2130 Lu.
478 2100 520 2130 16
555 2098 670 2130 semet
701 2095 920 2130 muniebant
951 2096 1048 2140 qug
1090 2095 1230 2140 ipemet
1263 2095 1467 2130 monebant
1501 2096 1524 2129 δ

181 2144 324 2176 metum
350 2142 586 2177 incutiebant
611 2144 719 2185 Jahn,
744 2143 784 2177 E.
884 2147 926 2177 19
958 2143 1085 2187 lupide
1111 2143 1211 2187 F¹q2¹
1308 2147 1352 2176 20
1378 2141 1436 2177 his
1463 2153 1523 2177 ex-

180 2189 365 2224 tricabilis
394 2189 458 2233 Fcp
557 2194 600 2223 22
626 2200 760 2235 graues
787 2189 912 2224 oculos
938 2191 1015 2225 cdd.
1043 2191 1203 2233 defendit
1234 2190 1288 2224 W.
1316 2191 1392 2225 coll.
1420 2190 1524 2224 Ptin.

181 2260 224 2294 H.
246 2260 290 2295 N.
314 2264 366 2294 11.
390 2264 456 2294 145
489 2272 631 2305 gnauos
664 2261 756 2296 Bsn.
854 2265 897 2295 23
931 2260 1092 2305 supremi
1112 2261 1264 2296 DIodius
1294 2246 1372 2304 psmj
1396 2260 1524 2304 Fquag

182 2307 314 2351 optimi
341 2307 433 2342 Seal.
455 2307 494 2341 E.
521 2307 631 2352 primi
657 2310 725 2352 def.
748 2308 872 2343 Rossb.
895 2308 949 2343 W.
