1591 2556
114 75 201 117 248
699 76 827 111 LIBRI
852 76 886 111 X

117 171 382 227 putabantur
409 171 506 226 <sui
536 186 736 226 quamque
765 173 1003 227 stipabant>
1035 173 1229 228 comites,
1259 172 1465 216 Iunonem

121 230 292 285 quidem
314 229 464 273 Castor
489 234 532 272 et
549 231 715 286 Pollux,
742 246 922 286 quorum
949 232 1089 286 capita
1113 232 1296 274 cassides
1315 235 1465 275 ouatae

118 290 340 331 stellarum
357 290 413 344 [p.
424 290 599 344 20213]
615 291 806 344 apicibus
824 291 1013 345 insignes
1028 291 1321 346 contegebant,
1337 292 1410 334 sed
1423 295 1466 333 et

122 349 195 390 isti
217 348 413 390 Castores
434 352 553 390 erant
573 350 753 391 scaenici
773 350 903 404 pueri.
935 349 1038 391 haec
1057 350 1201 404 puella
1219 350 1360 392 uarios
1379 365 1463 393 mo-

121 408 244 449 dulos
274 407 406 449 Iastia
437 408 683 450 concinente
715 409 821 450 tibia
852 408 1080 462 procedens
1113 410 1257 464 quieta
1285 412 1327 451 et
1351 410 1463 451 inad-
1487 446 1489 448 .

120 467 278 508 sectata
299 467 624 522 gesticulatione
643 468 818 509 nutibus
837 467 1029 509 honestis
1048 469 1209 522 pastori
1229 469 1466 523 pollicetur,

114 526 157 567 si
198 526 280 567 sibi
320 526 556 579 praemium
595 527 756 568 decoris
797 527 1044 581 addixisset,
1082 529 1124 568 et
1161 542 1251 569 sese
1288 540 1466 583 regnum

121 585 255 626 totius
287 584 415 626 Asiae
446 586 715 626 tributuram.
779 589 821 626 at
859 585 976 626 illam
1009 601 1135 640 quam
1161 587 1300 628 cultus
1333 600 1466 628 armo—

120 658 215 684 rum
234 643 474 685 Mineruam
500 645 668 698 fecerat,
701 645 782 685 duo
808 645 929 698 pueri
954 645 1215 699 muniebant,
1245 645 1466 700 proeliaris

122 702 222 743 deae
255 703 432 744 comites
469 704 686 758 armigeri,
724 703 878 745 Terror
915 707 956 744 et
987 704 1145 758 Metus,
1182 705 1307 746 nudis
1339 704 1467 746 insul-

121 764 261 802 tantes
294 762 456 816 gladiis.
520 766 562 803 at
600 777 709 817 pone
746 766 914 818 tergum
946 763 1104 804 tibicen
1135 762 1316 805 Dorium
1351 777 1467 805 cane-

122 820 198 861 bat
227 820 478 862 bellicosum
511 824 553 863 et
577 822 836 876 permiscens
862 822 1030 863 bombis
1056 822 1259 877 grauibus
1285 822 1468 864 tinnitus

121 881 269 920 acutos
300 880 344 920 in
375 880 549 921 modum
587 881 714 922 tubae
753 881 990 922 saltationis
1023 882 1145 936 agilis
1178 882 1370 936 uigorem
1401 895 1468 923 su-

122 938 314 979 scitabat.
382 938 485 980 haec
528 940 719 994 inquieto
765 940 901 994 capite
946 943 987 981 et
1031 940 1163 981 oculis
1207 941 1251 981 in
1295 943 1468 995 aspectu

120 997 371 1052 minacibus,
403 998 533 1039 citato
566 1002 609 1040 et
640 999 799 1039 intorto
832 1012 985 1053 genere
1017 999 1354 1053 gesticulationis
1386 999 1467 1040 ala-

122 1070 191 1097 cer
223 1056 543 1098 demonstrabat
573 1057 728 1110 Paridi,
761 1057 797 1098 si
829 1058 911 1098 sibi
941 1058 1101 1099 formae
1132 1058 1357 1100 uictoriam
1386 1061 1467 1100 tra-

123 1115 311 1169 didisset,
341 1115 496 1157 fortem
528 1116 800 1170 tropaeisque
832 1116 1040 1157 bellorum
1066 1117 1261 1158 inclitum
1287 1118 1374 1158 suis
1401 1117 1468 1158 ad-

120 1174 335 1215 miniculis
366 1174 570 1216 futurum.

209 1232 386 1274 XXXII.
425 1233 571 1275 Venus
609 1248 703 1275 ecce
735 1248 831 1275 cum
869 1248 1023 1288 magno
1062 1234 1207 1276 fauore
1243 1249 1392 1276 caueae
1424 1235 1468 1276 in

121 1291 214 1346 ipso
246 1292 484 1334 meditullio
518 1308 708 1348 scaenae,
741 1293 996 1334 circumfuso
1028 1293 1186 1348 populo
1217 1293 1468 1335 laetissimo-

121 1365 217 1392 rum
242 1351 520 1405 paruulorum
548 1352 667 1393 dulce
688 1352 910 1393 subridens
931 1353 1163 1394 constituta
1181 1353 1346 1408 mone†
1370 1353 1468 1394 illos

120 1412 276 1451 teretes
315 1413 357 1452 et
393 1411 551 1452 lacteos
592 1411 756 1465 puellos
795 1411 953 1453 diceres
992 1414 1038 1452 tu
1078 1411 1306 1466 Cupidines
1343 1426 1468 1454 ueros

122 1469 172 1510 de
205 1469 318 1510 caelo
351 1470 421 1510 uel
451 1471 558 1511 mari
591 1470 859 1511 commodum
891 1470 1114 1512 inuolasse.
1175 1486 1273 1512 nam
1305 1474 1348 1512 et
1377 1471 1468 1525 pin-

121 1527 234 1568 nulis
273 1531 315 1568 et
354 1529 570 1583 sagittulis
609 1532 651 1570 et
692 1529 842 1570 habitu
882 1532 1020 1570 cetero
1057 1530 1218 1571 formae
1255 1530 1468 1584 praeclare

122 1587 413 1641 congruebant
445 1591 487 1629 et
512 1588 630 1629 uelut
655 1588 859 1642 nuptialis
885 1588 1031 1642 epulas
1057 1589 1249 1630 obiturae
1276 1589 1470 1630 dominae

122 1646 309 1687 coruscis
340 1646 641 1700 praelucebant
670 1647 844 1688 facibus.
902 1650 944 1688 et
976 1648 1161 1688 influunt
1191 1647 1467 1702 innuptarum

218 1812 236 1843 1
270 1808 327 1843 sui
359 1820 543 1853 quamque
576 1809 769 1854 stipabant
800 1811 939 1845 inserui
982 1810 1069 1858 <sui
1095 1810 1280 1857 obibant>
1306 1812 1374 1846 ins.
1407 1823 1466 1846 ue-

121 1860 211 1891 teres
248 1857 397 1892 editores
436 1856 671 1903 <complures
710 1856 1014 1904 comitabantur>
1039 1858 1130 1892 Bsn.
1253 1862 1273 1892 2
1311 1869 1468 1902 quorum

123 1903 247 1948 capite
275 1903 339 1947 qu
414 1904 524 1949 obate
552 1904 580 1938 F
677 1907 697 1938 5
729 1904 846 1939 Iastia
875 1905 966 1940 Oud.
1004 1904 1118 1939 Iastia
1143 1905 1207 1950 Fcp
1244 1905 1388 1940 lasciua
1413 1907 1469 1950 dg

121 1951 166 1994 ef.
195 1950 355 1985 Florida
381 1954 411 1986 5.
435 1955 451 1984 1
481 1952 580 1996 (ΚΤ.)
655 1955 673 1985 7
701 1951 912 1986 addidisset
936 1966 964 1997 φ
1037 1954 1076 1987 et
1100 1952 1165 1996 Fq)
1201 1951 1235 1987 ei
1259 1951 1300 1987 E.
1375 1954 1396 1986 8
1422 1963 1467 1987 ar

121 1997 150 2031 F
177 1998 231 2042 (in
256 2009 326 2032 ras
354 2009 420 2032 ser.
447 2010 491 2032 m.
512 2000 556 2043 r.)
594 1998 643 2032 ad
669 2012 696 2043 φ
722 2000 766 2042 ef.
790 2003 868 2034 159.
885 2003 929 2033 29
1012 2003 1123 2033 10.11
1150 1999 1374 2034 insaltantes
1400 1999 1466 2043 Εφ

124 2047 165 2078 11
194 2043 337 2079 tibicen
361 2044 515 2079 Dorium
548 2046 704 2080 Iumina
738 2045 1002 2081 tibicenorium
1032 2046 1096 2091 Fq>
1129 2047 1173 2090 ef.
1200 2046 1240 2081 F
1244 2047 1307 2081 lor.
1334 2050 1366 2081 5.
1388 2050 1408 2080 2
1434 2051 1468 2081 et

123 2095 215 2127 3.15
285 2095 327 2126 12
353 2091 477 2135 innuT3
504 2092 531 2125 F
557 2092 684 2126 insitus
705 2094 763 2137 φδ
833 2097 874 2127 17
896 2093 1108 2138 tropeisque
1128 2093 1156 2127 F
1225 2096 1269 2127 20
1294 2092 1378 2138 ipsa
1401 2093 1467 2137 Fq>

125 2142 168 2173 27
196 2138 403 2173 constituta
426 2141 507 2184 (pro
532 2151 556 2173 u
583 2141 757 2175 librarius
775 2142 978 2185 scripturus
996 2141 1071 2184 fuit
1094 2140 1122 2185 i)
1148 2140 1176 2174 F
1209 2140 1415 2175 constituta
1439 2154 1468 2185 φ

118 2186 222 2254 ll{ione
248 2208 277 2243 F
303 2211 341 2255 (p
367 2221 410 2244 ex
434 2221 472 2251 in
497 2220 587 2245 corr.
607 2211 699 2254 uid.)
734 2222 863 2245 moene
891 2224 918 2255 φ
943 2222 1039 2255 pone
1065 2212 1088 2245 ὃ
1118 2210 1289 2245 constitit
1314 2220 1468 2245 amoene

124 2258 248 2302 wulyo,
269 2258 447 2301 probante
471 2257 542 2291 Lu.
582 2257 763 2293 constitit.
790 2257 934 2292 Dionae
959 2258 1043 2293 illos
1069 2257 1108 2293 E.
1195 2262 1240 2291 22
1267 2257 1468 2302 Cupidines
1527 2299 1532 2304 ¹

125 2306 163 2338 et
189 2303 390 2349 Cupidines
415 2314 523 2338 ueros
552 2304 650 2339 Colu.
749 2308 792 2339 25
818 2304 1000 2350 nuptialis
1026 2305 1146 2350 epulis
1171 2305 1199 2339 F

1487 720 1522 746 1⁰

1488 1014 1523 1040 15

1488 1309 1524 1335 20

1488 1605 1522 1632 25
1583 1620 1585 1632 A
