1591 2556
603 77 704 113 CAP.
730 77 845 111 1—111
868 88 873 91 ’
910 41 912 43 '
1302 74 1388 116 223

42 175 327 231 praepollens,
364 189 439 216 seu
470 174 722 216 naturaliter
752 172 967 227 impudica
1003 186 1077 213 seu
1115 172 1203 212 fato
1237 172 1289 213 ad
1320 187 1388 213 ex-

0 260 1 292 1
43 239 225 278 tremum
251 234 436 288 impulsa
459 235 684 289 flagitium,
710 231 854 274 oculos
881 231 933 272 ad
958 231 1204 285 priuignum
1225 231 1389 273 adiecit.

0 305 1 314 ³
42 295 126 336 iam
159 307 272 349 ergo,
309 293 443 334 lector
474 293 652 347 optime,
689 291 796 333 scito
828 293 870 331 te
902 290 1176 345 tragoediam,
1213 305 1299 332 non
1329 290 1388 330 fa-

0 334 1 386 1
44 353 188 395 bulam
219 353 360 407 legere
392 356 434 393 et
465 367 490 393 a
521 366 642 394 socco
675 351 726 392 ad
752 349 1008 392 cothurnum
1035 349 1267 395 ascendere.
1318 349 1390 390 sed

10 431 24 456 5
45 412 198 453 mulier
228 411 303 452 illa
334 411 520 466 quandiu
557 410 707 466 primis
739 409 959 450 elementis
993 407 1154 462 Cupido
1186 408 1390 462 paruulus

44 471 329 525 nutriebatur,
368 470 578 511 inbecillis
611 469 746 510 adhuc
778 468 868 509 eius
905 468 1070 509 uiribus
1107 467 1230 508 facile
1267 467 1391 508 rubo-

43 545 132 572 rem
158 533 329 571 tenuem
351 529 589 584 deprimens
615 528 785 569 silentio
811 527 1047 568 resistebat.
1098 530 1142 567 at
1167 526 1252 580 ubi,
1279 541 1391 567 com-

43 589 170 644 pletis
202 589 300 644 igne
332 603 514 630 uaesano
547 588 650 630 totis
682 586 952 641 praecordiis,
984 586 1192 627 inmodice
1218 585 1391 626 baccha-

44 651 113 690 tus
144 647 279 689 Amor
310 646 835 701 exaestuabat‚·saeuienti
865 647 954 687 iam
986 646 1056 686 deo
1083 645 1319 699 succubuit,
1350 647 1393 685 et

9 726 25 749 0
44 707 248 762 languore
287 707 487 748 simulato
525 706 681 748 uulnus
721 704 850 746 animi
887 704 1094 745 mentitur
1124 704 1169 745 in
1204 704 1394 758 corporis

44 766 299 807 ualetudine.
368 766 451 806 iam
494 768 631 807 cetera
672 764 822 805 salutis
864 763 1094 817 uultusque
1139 763 1394 804 detrimenta

45 828 88 867 et
119 825 258 880 aegris
290 828 331 866 et
357 825 597 866 amantibus
622 823 879 866 examussim
912 823 1137 864 conuenire
1169 837 1292 863 nemo
1320 822 1393 876 qui

45 884 222 925 nesciat:
241 884 428 938 <fac-ies>
446 883 607 937 pauore
634 882 848 935 deformis,
867 884 1104 923 marcentes
1134 881 1257 935 oculi,
1282 881 1395 921 lassa

46 957 200 998 genua,
238 943 358 997 quies
396 943 566 984 turbida
597 946 640 984 et
679 942 907 996 suspiritus
940 941 1154 982 cruciatus
1193 941 1394 982 toraitate

5 1020 29 1045 ⁷5
48 1001 351 1043 uehementior.
393 1002 582 1043 crederes
602 1002 659 1056 [p.
678 1001 772 1042 183.
787 1001 856 1055 E]
878 1003 920 1042 et
939 1000 1059 1041 illam
1078 1001 1284 1041 fluctuare
1304 1002 1394 1040 tan-

0 1094 1 1100 ,
51 1064 144 1102 tum
169 1061 400 1115 uaporibus
431 1056 626 1115 febrium,
664 1060 747 1101 nisi
780 1060 892 1114 quod
924 1063 966 1100 et
997 1059 1135 1100 flebat.
1197 1058 1281 1100 heu
1312 1073 1395 1098 me-

53 1120 243 1161 dicorum
274 1121 446 1175 ignarae
478 1121 658 1161 mentes!
709 1119 811 1173 quid
842 1133 973 1160 uenae
1005 1118 1166 1172 pulsus,
1199 1117 1301 1172 quid
1333 1132 1396 1158 ca—

51 1179 155 1220 loris
186 1179 530 1233 intemperantia,
562 1178 664 1233 quid
694 1178 900 1232 fatigatus
932 1177 1144 1218 anhelitus
1177 1179 1219 1218 et
1249 1176 1396 1217 utrim—

54 1252 258 1292 quesecus
295 1238 474 1279 iactatae
516 1238 719 1279 crebriter
758 1236 939 1278 laterum
976 1239 1148 1277 mutuae
1185 1236 1396 1277 uicissitu-

16 1316 33 1340 o
53 1296 200 1338 dines?
232 1297 291 1338 dii
321 1297 440 1339 boni!
473 1312 598 1351 quam
630 1296 767 1337 facilis
798 1296 898 1337 licet
928 1310 1014 1337 non
1044 1295 1196 1336 artifici
1222 1295 1398 1347 medico,

53 1356 188 1397 cuiuis
233 1359 374 1397 tamen
413 1357 536 1398 docto
573 1356 768 1397 ueneriae
812 1355 1021 1408 cupidinis
1065 1353 1399 1408 comprehensio,

53 1430 147 1456 cum
189 1415 333 1456 uideas
374 1415 557 1470 aliquem
600 1415 689 1456 sine
731 1414 920 1468 corporis
956 1413 1092 1455 calore
1133 1414 1396 1468 fiagrantem.

51 1473 126 1514 III.
159 1488 259 1529 ergo
292 1474 425 1529 igitur
455 1474 706 1528 inpatientia
736 1473 896 1514 furoris
928 1473 1055 1514 altius
1088 1473 1248 1528 agitata
1274 1472 1401 1513 diuti-

52 1547 154 1574 num
185 1533 302 1587 rupit
340 1533 556 1574 silentium
595 1536 637 1574 et
675 1533 726 1573 ad
758 1548 801 1573 se
832 1532 977 1573 uocari
1013 1532 1220 1586 praecipit
1249 1531 1398 1572 filium.

23 1610 39 1635 5
59 1592 172 1646 quod
202 1606 355 1633 nomen
387 1593 431 1633 in
463 1607 524 1647 6ο,
559 1594 597 1633 3ῑῖ
620 1596 773 1645 posset,
810 1606 862 1632 ne
893 1591 1060 1632 ruboris
1093 1591 1401 1638 admoneretur,

57 1650 238 1691 libenter
269 1652 468 1693 eraderet.
528 1666 605 1692 nec
637 1651 882 1692 adulescens
914 1664 1063 1705 aegrae
1095 1650 1283 1704 parentis
1314 1663 1400 1690 mo-

27 1760 30 1764 ,
53 1712 172 1750 ratus
198 1710 438 1764 imperium,
471 1710 593 1752 senili
620 1710 794 1751 tristitie
821 1709 1015 1750 striatam
1041 1723 1191 1764 gerens
1216 1709 1401 1750 frontem

0 1792 1 1797 =
53 1768 296 1809 cubiculum
329 1769 454 1823 petit,
495 1770 622 1811 uxori
652 1770 785 1823 patris
818 1770 1030 1822 matrique
1063 1768 1208 1809 fratris
1238 1771 1402 1809 utcum-
1442 1764 1446 1768 ’

146 1912 168 1942 4
194 1896 314 1943 61111111
339 1908 367 1942 F
396 1910 592 1943 coturnum
617 1922 645 1952 φ
745 1912 764 1942 5
791 1907 957 1952 quandiu
984 1908 1011 1941 F
1086 1907 1279 1942 elementis
1306 1908 1401 1952 Ρφδ

53 1954 240 1991 alimentis
269 1956 367 1991 Colzc.
394 1955 435 1990 E.
462 1957 505 1999 cf.
524 1959 601 1990 185.
625 1959 667 1989 31
737 1959 768 1990 6.
786 1959 803 1988 7
831 1954 1016 1989 feruorem
1037 1955 1211 2000 S(auppe)
1279 1959 1299 1988 9
1326 1954 1401 1988 iam

53 2002 122 2036 deo
143 2003 240 2038 Prie.
275 2003 344 2037 deo
370 2002 446 2037 iam
470 2003 534 2047 Ftp
609 2002 793 2037 saeuienti
819 2002 895 2036 iam
921 2002 1117 2036 succubuit
1142 2004 1165 2037 ὃ
1250 2005 1293 2036 13
1319 2001 1402 2046 (fa-

54 2048 329 2132 Ξίὲἒοᾌζδῖπ
354 2049 653 2131 <¹¹1¹istt¹5r>mssss3
655 2051 746 2132 ⁰³12AE
747 2050 773 2093 f‘
793 2049 1110 2132 ffidffaoepfflgffl
1143 2049 1239 2130 F‘l'f‘?
1260 2048 1404 2130 ἓξὲξ

53 2187 99 2192 —
113 2169 256 2207 mentes
282 2170 329 2212 cs.
351 2169 452 2213 Very.
473 2168 564 2202 Aen.
584 2167 645 2202 IV.
668 2171 712 2202 65
797 2171 909 2202 17.18
935 2154 1069 2202 cgloris
1096 2181 1123 2211 φ
1207 2171 1249 2200 21
1276 2169 1404 2200 tamen

54 2225 119 2248 om.
141 2227 169 2258 φ
244 2214 397 2250 indocto
415 2216 540 2250 Rohde
608 2218 651 2248 25
673 2214 712 2248 in
731 2225 786 2259 eo,
807 2214 838 2249 si
856 2217 983 2259 posset
1003 2215 1129 2249 Rohde
1160 2214 1199 2247 in
1220 2224 1281 2248 eos
1301 2213 1402 2257 ipsos

55 2261 121 2295 sed
145 2261 245 2306 Εφδ
284 2262 324 2296 111
348 2273 391 2297 60
416 2262 509 2307 ipso,
537 2261 601 2296 sed
627 2261 666 2296 E.
759 2265 802 2296 27
830 2262 956 2296 senilis
973 2276 1010 2306 q>
1097 2265 1140 2295 28
1166 2260 1272 2305 petit,
1299 2260 1404 2294 uxori

53 2307 174 2352 patris
213 2309 399 2353 matrique
433 2309 559 2344 fratris
594 2310 723 2353 scripsi
765 2309 862 2354 petit
892 2309 1016 2343 uxoris
1052 2308 1168 2353 patris
1200 2307 1405 2350 matrisque
