1591 2556
151 105 235 146 136
728 104 857 137 L1BRI
882 103 932 137 VI

146 200 372 242 uulnerati.
434 201 553 253 (his)
585 200 697 241 domi
736 200 896 241 relictis
934 202 976 240 et
1012 198 1161 253 plagas
1198 198 1492 240 recurantibus

149 260 232 314 ipsi
264 259 316 300 ad
347 259 531 313 reliquas
564 259 796 300 occultatas
828 260 872 299 in
905 258 1098 313 quadam,
1129 261 1174 299 ut
1197 257 1370 308 aiebant,
1403 272 1492 311 spe-

148 319 276 360 lunca
307 318 492 359 sarcinas
530 318 742 371 proficisci
780 318 980 372 gestiunt.
1043 316 1304 371 prandioque
1336 317 1492 370 raptim
1538 317 1540 320 ’

149 378 420 419 tuburcinato
453 392 519 417 me
552 379 594 417 et
625 391 780 430 equum
817 392 959 418 meum
996 379 1188 417 uectores
1226 390 1366 417 rerum
1403 375 1493 416 illa-

148 452 243 478 rum
281 436 449 477 futuros
486 435 672 477 fustibus
710 436 859 477 exinde
904 435 1129 477 tundentes
1168 435 1409 489 producunt
1447 434 1492 475 in
1529 449 1546 476 5

149 497 264 537 uiam
307 495 538 548 multisque
578 494 699 535 cliuis
741 498 782 536 et
820 494 1079 535 anfractibus
1122 494 1325 548 fatigatos
1362 507 1494 547 prope

151 556 287 609 ipsam
325 569 547 607 uesperam
584 553 822 607 perducunt
866 554 918 595 ad
956 553 1198 608 quampiam
1240 552 1496 607 speluncam,

151 614 262 655 unde
294 613 441 654 multis
474 615 649 653 onustos
682 613 808 654 rebus
840 628 1029 666 rursum,
1067 627 1120 653 ne
1156 611 1374 653 breuiculo
1407 611 1495 665 qui·
1555 634 1558 638 ⁴

152 673 245 714 dem
278 675 468 726 tempore
499 672 679 713 refectos
712 672 849 713 obiter
886 672 1093 713 reducunt
1130 673 1331 725 tantaque
1369 670 1495 724 trepi-

153 732 322 772 datione
354 731 631 784 festinabant,
675 734 722 771 ut
753 746 819 772 me
858 731 995 786 plagis
1035 730 1183 771 multis
1216 729 1496 771 obtundentes
1516 746 1530 769 1

152 790 521 845 propellentesque
563 805 689 843 super
720 790 903 844 lapidem
942 792 1116 844 propter
1152 790 1266 830 uiam
1310 788 1497 842 positum

153 850 373 891 deicerent.
436 849 545 890 unde
590 849 747 890 crebris
789 864 919 904 aeque
965 849 1142 904 ingestis
1180 848 1335 889 ictibus
1379 861 1498 888 crure

154 909 326 950 dextero
372 911 414 949 et
454 908 615 963 ungula
659 909 831 949 sinistra
874 923 941 949 me
979 908 1247 949 debilitatum
1286 920 1410 961 aegre
1448 906 1500 946 ad

154 968 446 1022 exurgendum
485 967 754 1021 compellunt.
814 966 969 1008 XXVI.
1003 970 1045 1008 et
1076 981 1186 1008 unus
1218 966 1317 1020 ‘quo
1350 965 1500 1019 usque’

154 1028 294 1081 inquit
338 1027 525 1080 ‘ruptum
571 1027 700 1067 istum
739 1026 940 1081 asellum,
982 1041 1095 1067 nunc
1138 1026 1266 1066 etiam
1304 1024 1500 1065 claudum
1520 1038 1554 1065 15

154 1087 315 1127 frustra
339 1085 606 1140 pascemus?'
633 1089 674 1126 et
700 1085 806 1126 alius
835 1086 953 1140 equid
979 1085 1092 1139 quod
1118 1087 1160 1126 et
1184 1083 1368 1138 pessimo
1394 1083 1499 1137 pede

155 1146 327 1186 domum
372 1148 561 1185 nostram
606 1145 783 1186 accessit
825 1159 902 1185 nec
943 1145 1169 1198 quicquam
1213 1142 1353 1184 idonei
1393 1142 1501 1183 lucri

155 1204 306 1246 exinde
351 1204 538 1257 cepimus
584 1203 656 1244 sed
699 1203 875 1244 uulnera
925 1207 967 1244 et
1014 1203 1346 1244 fortissimorum
1396 1201 1500 1242 occi-

155 1263 324 1304 siones.'
373 1263 480 1303 alius
512 1263 667 1303 iterum
701 1263 827 1304 ecerte
860 1276 938 1317 ego
972 1277 1067 1303 cum
1098 1261 1283 1316 primum
1316 1260 1500 1302 sarcinas

155 1323 259 1364 istas
287 1337 529 1376 quanquam
555 1322 716 1363 inuitus
748 1322 983 1376 pertulerit,
1014 1321 1210 1375 protinus
1237 1335 1332 1361 eum
1361 1318 1500 1360 uultu-
1521 1335 1534 1359 2

154 1382 230 1422 riis
267 1381 557 1436 gratissimum
589 1381 793 1434 pabulum
825 1381 1017 1422 futurum
1049 1378 1366 1434 praecipitabo.'

244 1440 358 1481 Dum
398 1442 456 1481 Sic
497 1440 774 1481 immitissimi
824 1440 1016 1481 homines
1067 1439 1272 1480 altercant
1310 1438 1359 1479 de
1408 1451 1502 1478 mea

155 1514 268 1553 nece,
300 1500 385 1540 iam
418 1502 460 1540 et
491 1499 663 1540 domum
695 1513 1033 1552 pei-ueneramus.
1077 1513 1175 1538 nam
1207 1498 1336 1538 timor
1367 1509 1500 1550 ungu-

155 1559 218 1599 las
244 1558 350 1599 mihi
377 1558 463 1599 alas
489 1558 656 1599 fecerat.
701 1561 793 1598 tum
820 1573 926 1612 quae
951 1558 1191 1598 ferebamus
1218 1555 1382 1596 amoliti
1407 1569 1501 1609 pro-

156 1618 326 1672 periter,
358 1617 475 1658 nulla
506 1617 656 1658 salutis
688 1620 856 1658 nostrae
890 1632 989 1658 cura
1015 1617 1089 1657 sed
1112 1631 1164 1656 ne
1189 1630 1306 1656 meae
1333 1614 1503 1668 quidem
1517 1628 1553 1654 25

157 1677 271 1718 necis
303 1676 462 1730 habita7
488 1676 715 1717 comitibus
742 1676 926 1730 adscitis,
956 1676 1029 1730 qui
1054 1674 1268 1716 uulnerati
1293 1687 1500 1714 remanse-

156 1739 266 1790 rant,
287 1736 444 1776 dudum
464 1738 688 1776 recurrunt
707 1735 868 1788 reliqua
887 1736 969 1788 ipsi
988 1734 1160 1776 relaturi
1182 1733 1334 1786 taedio,
1353 1735 1402 1773 ut
1421 1732 1501 1772 aie-

157 1796 273 1849 bant,
293 1798 462 1836 nostrae
476 1795 701 1835 tarditatis.
734 1809 810 1835 nec
830 1809 896 1835 me
911 1797 1052 1835 tamen
1065 1792 1290 1834 mediocris
1305 1791 1503 1845 carpebat

255 1915 272 1944 1
300 1910 488 1945 uulnerati
514 1911 657 1955 F1q23g
683 1909 890 1944 uulneratis
916 1909 964 1943 F2
987 1921 1054 1955 my.
1077 1922 1104 1953 φ
1130 1908 1171 1942 Ε.
1269 1906 1384 1954 <his>
1411 1907 1502 1941 Bsn.

159 1963 179 1992 2
207 1959 381 2002 quadam,
402 1960 444 1992 ut
464 1958 617 1992 aiebant
636 1958 765 2001 tempsi
791 1956 955 1991 sarcinas
974 1968 1008 1991 u.
1025 1967 1057 1991 a.
1077 1954 1262 2000 proficisci
1280 1955 1390 2000 uulqo
1417 1964 1503 1998 age-

158 2006 253 2040 bant
286 2006 369 2050 anl
465 2010 486 2039 4
518 2016 640 2039 meum
666 2006 732 2039 del.
764 2006 805 2039 in
830 2004 858 2038 F
891 2016 956 2039 om.
984 2005 1043 2048 φδ
1140 2006 1159 2037 5
1193 2001 1326 2036 eximie
1358 2001 1417 2035 Bz.
1444 2001 1505 2035 sed

159 2054 204 2097 cf.
234 2056 310 2087 133.
327 2057 365 2095 4;
394 2056 470 2087 149.
487 2057 529 2086 31
636 2056 654 2086 7
686 2051 897 2096 producunt
923 2065 949 2095 φ
984 2052 1028 2094 cf.
1046 2053 1158 2085 15.17
1255 2052 1275 2082 9
1303 2048 1349 2082 ob
1376 2047 1447 2082 iter
1472 2055 1503 2089 φ

160 2102 215 2144 (in
233 2112 278 2134 m.
300 2100 433 2144 obiter)
461 2100 577 2134 ociter
602 2101 623 2133 δ
698 2103 740 2132 ‘22
769 2098 821 2132 sic
846 2096 1089 2132 immitissimi
1111 2096 1214 2131 Corn.
1244 2095 1343 2129 imm.
1370 2106 1395 2140 g
1415 2095 1502 2129 Par.

161 2159 285 2182 secum
304 2146 495 2181 mitissimi
514 2147 595 2191 Fq>3
616 2158 682 2192 my.
699 2160 743 2190 φ;
765 2157 830 2190 per
850 2145 1041 2179 anafrasin
1059 2144 1084 2178 i.
1099 2155 1128 2178 e.
1150 2142 1281 2177 immit.
1303 2143 1347 2186 ef.
1365 2146 1442 2176 156.
1459 2145 1503 2175 23

161 2199 206 2229 24
231 2196 311 2229 tum
332 2195 442 2239 quae]
475 2205 557 2228 cum
578 2205 648 2237 que
674 2195 752 2228 cdd.
827 2197 871 2227 25
898 2194 954 2227 set
978 2192 1006 2226 F
1081 2195 1123 2225 27
1151 2191 1192 2225 de
1216 2191 1505 2234 interpunctione

160 2244 205 2285 ef.
234 2242 350 2276 Kron.
379 2245 432 2276 16.
447 2243 488 2275 A.
507 2246 522 2275 1
563 2241 707 2284 reliqua
733 2240 805 2284 ipsi
830 2239 1002 2282 relaturi,
1028 2237 1155 2273 taedio
1180 2238 1310 2281 scripsi
1352 2235 1505 2270 relatori

160 2289 263 2324 tedio
283 2289 411 2333 anag
436 2290 480 2331 cf.
497 2292 550 2322 90.
568 2292 627 2330 173
656 2291 732 2322 115.
751 2292 792 2321 12
820 2288 909 2322 Luc.
925 2288 987 2321 As.
1003 2289 1069 2320 591
1098 2284 1308 2332 <reliquam
1326 2283 1506 2328 praedam

159 2336 262 2384 ipsi>
289 2336 360 2370 Lu.
388 2335 575 2382 <relicta>
604 2335 693 2370 Koa.
