1539 2556
588 103 872 138 PRAEFATIO.
1298 106 1398 141 XXV

52 205 189 242 verba:
221 205 391 252 equidem
426 204 523 250 fides
553 205 677 250 ¹tgmotc
709 205 767 241 rei
797 205 980 241 miranda
1018 207 1208 245 certitudo.
1265 207 1398 245 Habet

51 263 151 301 folia
184 265 277 302 180.
319 263 365 299 In
399 263 504 300 calce
535 262 628 299 libri
658 262 716 299 IV
746 263 912 312 legitur:
946 275 1009 310 eqo
1034 264 1230 303 Salustius
1262 267 1333 313 legi
1365 269 1399 304 et

56 316 256 360 emendavi
285 322 432 360 Romae
461 322 555 368 felioc
585 321 745 359 Metam.
779 323 931 369 eoeple'cz't
959 323 1026 361 lib.
1052 323 1109 360 IV
1140 326 1274 372 incipit
1303 326 1327 363 1.
1350 326 1396 375 V,

54 381 192 419 eadem
222 382 415 431 leguntur
444 381 486 417 in
512 381 619 418 calce
651 381 746 418 libb.
773 381 820 431 V,
847 381 915 430 VI,
942 381 1030 431 VII,
1056 382 1165 421 VIII.
1211 384 1257 420 In
1289 385 1396 422 calce

51 440 117 478 lib.
144 440 200 477 IX
231 441 341 478 olibz'o
369 442 403 477 et
424 441 635 487 probz'nove
667 452 715 477 cs.
747 442 790 477 ‘tn
814 441 898 487 foro
930 443 1068 478 martis
1100 444 1397 481 controversiam

52 500 272 537 declamans
303 500 448 537 oratori
474 500 689 537 encleicccio.
729 500 906 537 Rursum
934 499 1301 549 Constantinopolim
1329 502 1396 540 Ce—

49 560 156 596 sario
188 561 222 596 et
250 557 375 596 Ataeo
413 570 462 596 cs.
493 559 586 596 Met.
619 559 642 596 Z.
669 557 790 596 VIIII
823 560 917 606 expl.
955 561 1028 596 inc.
1062 560 1148 597 XM.
1204 560 1251 598 In
1290 562 1396 599 calce

49 617 143 655 libri
173 617 209 655 X
238 618 324 665 Eyo
355 617 550 655 Salustius
581 620 654 656 cet.
688 619 783 665 expt.
816 619 838 657 l.
868 619 902 655 Χ
938 620 1012 656 trec.
1045 619 1111 657 XI.
1149 622 1241 668 post
1278 619 1396 658 finem

50 677 75 714 l.
102 677 159 714 XI
190 678 359 724 apuleyz'i
382 678 572 724 platonici
602 678 829 723 floridorum
861 678 882 715 l.
909 678 928 715 I
959 679 1103 725 incipit.

141 735 232 774 Cod.
261 736 350 774 Vat.
379 735 566 775 Ottobon.
595 738 704 775 2091
740 737 1066 774 membranaceus
1091 737 1133 774 in
1159 741 1322 787 quarto3
1354 739 1395 776 in

51 794 148 832 folio
189 796 361 833 secundo
393 791 440 832 u⁰
478 790 747 848 (chartaceo):
788 808 876 833 sam
914 795 1078 834 Gtrarclz'
1117 797 1253 834 Vossii.
1292 810 1394 835 cumo

48 853 316 892 MDCXXXX.
357 854 403 892 In
435 855 561 902 primo
593 855 689 893 folio
721 849 759 891 r⁰
792 849 1129 907 (membranaceo)
1165 856 1207 894 V.
1231 856 1395 895 Gisezim

51 925 96 951 ea:
120 914 217 951 dono
236 914 288 950 D.
308 914 530 951 Erizbontz'i.
570 913 758 952 Continet
783 915 880 952 folia
908 916 974 953 87.
1017 915 1171 953 duabus
1199 916 1393 954 columnis

50 972 221 1021 scriptus
243 975 313 1010 est.
346 972 548 1011 Continet:
572 973 748 1011 Florida.
769 974 1024 1021 DIetamwrph.
1058 987 1184 1023 usque
1211 975 1261 1012 ad
1286 975 1392 1014 LXI.

49 1043 80 1069 c.
109 1032 162 1070 28
201 1032 345 1070 ultima
382 1032 505 1070 uerba
543 1037 654 1070 sunt:
693 1034 939 1070 antistabant.
978 1034 1066 1070 Plu..
1124 1033 1225 1071 Cum
1258 1035 1395 1072 eodem

49 1091 254 1128 uolumine
275 1091 464 1141 colligata
485 1094 544 1129 est
570 1092 768 1129 enarratio
793 1092 972 1130 uitarum
997 1092 1231 1142 pontificum
1251 1094 1393 1131 Roma-

47 1162 190 1187 norum
222 1163 348 1199 usque
381 1151 431 1188 ad
462 1151 679 1188 Iohannem
710 1151 823 1188 XXII
856 1153 896 1188 et
930 1152 1218 1200 imperatorum
1249 1153 1393 1190 Roma-

48 1221 190 1246 norum
222 1209 270 1246 ab
296 1209 483 1259 Augusto
508 1222 636 1259 usque
663 1210 713 1247 ad
737 1209 954 1248 Henricum
974 1210 1042 1248 VI.
1075 1211 1228 1248 Deinde
1261 1212 1391 1260 sequi-

47 1269 117 1305 tur
154 1269 274 1306 series
310 1268 533 1317 principum
572 1269 841 1306 Romanorum
879 1272 919 1307 et
955 1282 1096 1318 regum
1133 1270 1391 1308 Albanorum.

48 1326 94 1363 In
126 1327 232 1365 calce
263 1327 456 1365 librorum
481 1340 622 1365 nomen
651 1327 818 1365 Salustii
848 1341 926 1366 non
958 1331 1212 1367 memoratur.
1253 1330 1393 1367 Altera

48 1398 190 1423 manus
235 1386 418 1435 ascripsit
456 1387 692 1424 nitidissime
736 1387 867 1424 uarias
908 1388 1098 1425 lectiones
1141 1390 1180 1425 et
1217 1389 1391 1426 notulas.

48 1444 182 1483 Rubro
209 1446 340 1483 colore
373 1445 547 1494 ascripta
573 1450 666 1483 sunt
691 1448 939 1496 argumenta.
984 1447 1056 1484 Hic
1089 1447 1172 1484 illic
1197 1448 1392 1496 pamulae

47 1503 241 1554 imagines
279 1504 524 1555 animalium,
555 1505 744 1542 foliorum
778 1507 817 1542 et
848 1505 1054 1543 hominum
1087 1518 1247 1555 sparsae
1287 1511 1391 1544 sunt.

46 1563 164 1601 Hunc
189 1563 363 1601 codicem
390 1564 560 1601 eundem
585 1576 668 1602 esse
695 1567 816 1614 atque
836 1564 1083 1614 Lipsianum,
1110 1565 1265 1603 ostendi
1284 1566 1392 1603 Mne-

47 1634 222 1671 mosyne.
257 1624 381 1662 1895.
412 1636 450 1672 p.
474 1624 568 1661 180.

137 1681 196 1719 De
227 1682 393 1732 reliquis
425 1682 627 1720 codicibus
658 1683 812 1720 Italicis
838 1683 987 1733 Apulei
1020 1684 1393 1733 Metamorphoseon

49 1740 113 1790 egi
142 1740 410 1791 Mnemosyne.
446 1743 569 1780 1895.
601 1755 635 1789 p.
659 1744 743 1780 354
765 1754 848 1792 sqq.

138 1799 239 1837 Cum
268 1800 348 1838 iam
385 1803 519 1838 textus
550 1801 670 1838 huius
700 1802 940 1839 recensionis
979 1802 1060 1839 fere
1092 1803 1203 1839 totus
1234 1802 1391 1850 prelum

46 1858 287 1909 reliquisset,
318 1860 360 1897 in
384 1872 526 1897 manus
552 1860 650 1897 mihi
675 1864 874 1898 uenerunt
901 1860 1194 1898 obseruationes
1216 1860 1391 1904 Creticae,

50 1930 149 1967 quas
182 1919 342 1968 scripsit
371 1919 635 1957 Bluemnerus
666 1919 860 1970 Philolog.
898 1921 1020 1958 1896.
1052 1933 1088 1969 p.
1112 1921 1207 1958 341.

136 1977 252 2015 Illius
283 1978 361 2015 uiri
383 1978 491 2016 docti
516 1977 636 2015 dubia
662 1979 709 2016 de
736 1979 965 2016 sinceritate
994 1979 1181 2016 uocabuli
1201 1977 1392 2027 Aeyyptia

49 2037 88 2073 1.
115 2037 139 2074 3
172 2037 354 2086 legitima
389 2050 469 2075 non
501 2049 584 2075 esse
622 2037 823 2077 uidentur.
878 2038 1066 2076 Vitellius
1099 2038 1203 2075 enim
1237 2039 1283 2076 de
1321 2038 1390 2075 illo

47 2095 244 2133 uocabulo
290 2096 419 2133 denuo
463 2096 684 2146 consultus,
723 2097 862 2135 scribit
904 2097 1002 2134 mihi
1039 2096 1246 2145 Aeqyptta,
1286 2096 1391 2146 quod

46 2153 148 2204 legit
180 2155 300 2192 etiam
332 2170 379 2205 φ,
411 2155 453 2192 in
484 2155 515 2192 F
548 2168 570 2192 a
600 2156 729 2204 prima
760 2169 882 2193 manu
918 2157 1098 2206 profecta
1131 2168 1214 2193 esse
1251 2156 1390 2193 uideri.

47 2212 170 2251 Porro
209 2214 316 2262 apud
352 2214 571 2263 Apuleium
610 2215 741 2252 omnia
777 2216 1033 2253 substantiua
1075 2228 1148 2252 sua
1191 2215 1391 2252 adiectiua

47 2271 192 2309 habere
219 2273 364 2322 solent3
398 2273 568 2322 denique
593 2272 784 2322 Aeyyptia
810 2276 966 2322 aryatia
992 2274 1206 2324 significat:
1233 2275 1389 2316 litteras,

50 2332 242 2380 elementa,
263 2344 364 2381 quae
383 2332 424 2369 in
439 2333 626 2382 Aegypto
647 2333 813 2371 inuenta
832 2346 917 2371 esse
930 2334 1193 2371 crederentur.
1223 2333 1270 2370 cf.
1289 2344 1390 2382 quae
