1591 2556
624 84 726 118 CAP.
751 84 902 124 iii—VI
1374 85 1422 126 5]

90 185 224 223 totam
269 181 440 223 domum
484 180 630 238 caedes
671 179 870 221 ambulet.
942 181 1014 234 qui
1059 181 1223 234 sopitus
1264 181 1430 236 iacebit,

89 241 340 294 trucidetur3
384 239 457 293 qui
494 253 729 294 repugnare
771 239 1061 293 temptauerit,
1105 240 1293 281 feriatur.
1368 241 1429 282 sic

89 300 198 341 salui
229 299 482 351 recedemus,
515 298 551 339 si
583 297 748 339 saluum
780 298 824 339 in
857 298 981 339 domo
1009 298 1220 339 neminem
1252 299 1428 354 relique—

88 359 248 400 rimus.³
278 358 425 411 fateor,
445 356 644 411 Quirites,
665 357 878 410 extirpare
896 361 1100 398 eoetremos
1119 356 1306 399 latrones
1327 358 1428 400 boni

52 438 67 463 5
88 419 193 460 ciuis
231 416 417 458 officium
456 416 704 470 arbitratus,
735 416 863 457 simul
900 419 943 457 et
979 416 1132 457 eximie
1161 419 1354 458 metuens
1387 421 1430 459 et

2 732 64 769 {1⁰

0 1022 61 1052 115

24 1322 58 1346 20

23 1615 57 1641 25

85 476 325 530 hospitibus
345 475 450 517 meis
480 478 522 516 et
547 475 666 529 mihi,
697 474 894 530 gladiolo,
921 476 994 530 qui
1022 490 1089 516 me
1108 478 1282 529 propter
1301 475 1430 517 huius

86 535 199 576 modi
230 534 419 589 pericula
451 534 745 588 comitabatur,
776 537 963 575 armatus
995 534 1143 589 fugare
1175 537 1302 589 atque
1332 549 1427 589 pro-

85 598 241 636 terrere
273 609 344 635 eos
377 594 603 649 adgressus
636 608 741 634 sum.
803 596 846 634 at
877 593 942 634 illi
972 593 1143 635 barbari
1178 608 1353 648 prorsus
1386 597 1429 635 et

84 654 288 695 immanes
319 653 513 694 homines
544 667 680 707 neque
711 652 857 707 fugam
888 655 1116 707 capessunt
1147 655 1201 708 et,
1233 668 1329 695 cum
1360 668 1427 694 me

84 705 279 754 uiderent
308 713 351 753 in
381 712 507 766 ferro,
539 715 681 753 tamen
713 712 928 753 audaciter
958 712 1174 753 resistunt.

115 776 118 777 ⁷
170 770 243 813 VI
289 771 504 827 Dirigitur
528 770 748 827 pioeliaris
775 771 895 812 acies
945 771 1035 825 ipse
1062 771 1241 825 denique
1268 771 1353 813 dux
1385 774 1428 812 et

82 831 259 885 signifer
290 832 525 872 ceterorum
564 830 718 871 ualidis
759 845 826 871 me
864 831 1028 871 uiribus
1067 830 1293 885 adgressus
1326 830 1424 872 ilico

81 890 276 931 manibus
308 890 513 931 ambabus
552 888 704 944 capillo
743 891 964 943 adreptum
1003 904 1050 931 ac
1075 893 1189 930 retio
1221 890 1425 931 reflexum

81 949 256 1003 <caput>
282 949 469 1004 effligere
499 949 638 1003 lapide
672 949 811 1003 gestit.
863 963 988 1003 quem
1015 949 1115 990 dum
1148 949 1230 989 sibi
1261 949 1425 1003 porrigi

80 1008 258 1063 flagitat7
290 1010 405 1050 certa
434 1023 562 1049 manu
593 1022 841 1062 percussum
872 1008 1054 1049 feliciter
1084 1010 1320 1062 prosterno.
1377 1023 1425 1049 ac

79 1082 180 1109 mox
222 1067 353 1108 alium
395 1067 574 1121 pedibus
618 1067 723 1108 meis
763 1067 976 1108 mordicus
1020 1067 1311 1109 inhaerentem
1350 1082 1425 1121 per

80 1126 294 1181 scapulam
324 1127 411 1168 ictu
444 1129 699 1180 temperato,
731 1126 990 1180 tertiumque
1028 1126 1250 1180 inprouide
1283 1140 1423 1168 occur-

79 1188 241 1227 rentem
272 1188 441 1239 pectore
474 1186 634 1226 offenso
661 1200 842 1239 peremo.
893 1185 953 1226 sic
979 1199 1080 1239 pace
1106 1185 1322 1227 uindicata
1353 1185 1422 1226 do-

79 1259 232 1299 moque
263 1244 481 1298 hospitum
508 1259 555 1285 ac
581 1243 717 1285 salute
744 1244 959 1285 communi
984 1246 1187 1298 protecta,
1219 1259 1305 1286 non
1330 1247 1423 1286 tan-

79 1307 164 1345 tum
206 1304 421 1357 impunem
464 1318 531 1344 me
574 1318 723 1344 uerum
764 1303 892 1344 etiam
940 1303 1196 1344 laudabilem
1246 1303 1416 1357 publice

79 1363 298 1404 credebam
324 1362 425 1416 fore,
452 1362 526 1416 qui
552 1377 602 1403 110
629 1361 798 1403 tantillo
826 1362 996 1416 quidem
1022 1376 1210 1417 unquam
1245 1362 1421 1404 crimine

77 1421 331 1475 postulatus,
362 1421 435 1462 sed
466 1421 597 1475 probe
629 1423 845 1475 spectatus
872 1421 983 1474 apud
1015 1436 1143 1472 meos,
1169 1436 1335 1476 semper
1361 1423 1421 1462 in-

77 1481 316 1522 nocentiam
349 1480 580 1521 commodis
613 1480 776 1520 cunctis
803 1480 1094 1521 antetuleram.
1143 1495 1219 1522 nec
1245 1495 1420 1535 possum

76 1540 287 1594 repperire
320 1554 393 1580 cur
424 1539 560 1580 iustae
592 1539 785 1593 ultionis,
824 1554 907 1593 qua
947 1542 1094 1580 contra
1132 1539 1319 1580 latrones
1353 1539 1418 1581 de-

76 1599 273 1640 terrimos
294 1596 532 1640 commotus
558 1613 663 1652 511111,
689 1613 801 1639 nunc
828 1598 957 1639 istum
984 1601 1148 1640 reatum
1176 1599 1420 1653 sustineam,

77 1672 172 1699 cum
203 1673 326 1699 nemo
358 1658 495 1712 possit
526 1660 762 1698 monstrare
795 1657 864 1698 uel
888 1658 1081 1712 proprias
1115 1658 1225 1699 inter
1251 1672 1327 1699 nos
1359 1658 1419 1698 in-

76 1716 275 1758 imicitias
313 1717 591 1771 praecessisse
629 1731 676 1757 ac
713 1732 764 1757 ne
803 1717 975 1757 omnino
1012 1717 1118 1757 mihi
1150 1719 1274 1758 notos
1306 1717 1417 1759 ullos

74 1775 259 1817 latrones
285 1791 465 1830 usquam
491 1775 633 1816 fuisse.
684 1775 753 1817 uel
778 1778 890 1817 certe
922 1775 1009 1817 ulla
1034 1776 1190 1829 praeda
1214 1779 1419 1817 monstre-

75 1837 156 1890 tur,
176 1836 295 1876 cuius
313 1835 508 1889 cupidine
529 1837 695 1876 tantum
715 1835 926 1890 flagitium
948 1835 1143 1876 credatur
1157 1835 1419 1876 admissum?

167 2012 235 2043 3.4
266 2009 508 2054 relinquimus
543 2018 572 2051 φ
681 2012 704 2043 4
736 2021 756 2044 0
790 2009 953 2052 Quirites
987 2010 1033 2054 902
1140 2010 1325 2055 extirpare
1358 2021 1418 2044 ex-

73 2057 209 2090 tremos
240 2058 370 2101 scripsi
413 2059 596 2091 extremos
622 2057 700 2091 cdd.
745 2057 990 2092 exterminare
1023 2057 1186 2092 latrones
1213 2058 1254 2091 E.
1299 2059 1418 2091 extre-

73 2114 151 2138 mos
184 2103 430 2138 exterminare
462 2103 485 2138 l.
514 2104 636 2147 Luetj.
735 2108 754 2139 8
784 2104 896 2152 &rsus
922 2105 1006 2139 add
1034 2104 1080 2138 F2
1178 2109 1219 2139 11
1248 2104 1359 2148 dirioi
1386 2113 1416 2145 φ

75 2176 117 2207 13
143 2160 322 2209 abrectli*
346 2175 373 2208 F
412 2174 571 2219 abrepti]
597 2182 627 2216 φ
654 2175 698 2219 cf.
726 2178 782 2209 44.
800 2178 841 2208 17
941 2179 985 2209 14
1041 2175 1181 2222 caput>
1206 2186 1344 2210 mseme
1370 2175 1415 2217 cf.

75 2219 268 2256 Claudiam
300 2223 324 2256 τ’.
356 2222 446 2265 Rus.
472 2221 517 2256 Π.
544 2224 612 2254 433
734 2226 776 2256 17
813 2221 1005 2267 scapulam
1071 2222 1081 2241 ¹
1126 2222 1297 2267 scapulas
1330 2221 1414 2264 φΕ

75 2270 128 2302 19.
145 2271 189 2302 20
214 2270 363 2303 tantum
389 2269 492 2304 Koch
534 2270 613 2302 tam
644 2269 722 2303 cdd.
839 2273 883 2303 24
914 2269 1100 2314 reppirere
1126 2269 1154 2303 F
1198 2268 1357 2314 repeissiie
1384 2276 1415 2311 φ

75 2317 118 2348 27
145 2314 239 2350 ullos
265 2317 395 2361 scripsi
420 2315 504 2350 illos
531 2316 610 2351 cdd.
636 2316 681 2359 cf.
710 2315 781 2352 Cic.
809 2327 873 2360 pro
899 2317 1001 2352 Ros-c.
1029 2317 1110 2351 Am.
1137 2320 1156 2358 ξ
1183 2320 1226 2350 94

1086 2379 1107 2408 4
1117 2375 1132 2392 ²³²
