1591 2556
543 93 642 127 CAP.
670 90 885 126 XX—XXII
1305 90 1390 131 239

49 193 94 233 111
118 192 178 233 111-
207 190 457 246 [p.195.E.]
484 189 630 244 panari
650 188 788 230 solent
807 187 969 228 basiola
994 187 1141 228 iactari
1167 187 1235 228 uel
1260 202 1390 229 mere

0 303 1 307 Ἰ
50 252 204 293 tricum
241 249 551 314 poscinummia
586 247 656 289 uel
693 247 970 288 aduentorum
1014 246 1390 301 negantinummia,

0 321 1 344 1
50 311 123 352 sed
159 324 265 364 pura
303 311 429 362 atque
467 308 647 361 sincera
689 305 863 347 instruit
901 308 942 346 et
984 305 1284 346 blandissimos
1324 306 1390 346 ad-

50 369 164 410 fatus
203 368 328 409 amo’
367 370 408 408 et
447 366 602 420 ‘cupio’
641 368 683 407 et
720 365 776 406 ete
821 364 958 405 solum
1000 364 1160 419 diligo',
1198 363 1304 405 sine
1349 368 1391 405 te

51 428 134 469 iam
178 427 322 468 uiuere
360 425 538 480 nequeo’
577 427 619 466 et
656 426 793 465 cetera
832 423 926 477 quis
963 423 1161 464 mulieres
1200 426 1241 464 et
1285 423 1390 464 alios

52 487 258 528 inducunt
296 488 337 527 et
380 499 477 526 suas
515 486 726 525 testantur
763 482 1084 536 adfectationes‚
1122 482 1392 537 capistroque

51 561 117 587 me
165 545 420 599 prehensum
469 558 585 585 more
627 557 709 597 quo
761 541 987 582 didiceram
1038 541 1214 582 reclinat
1257 541 1392 594 facile,

52 605 207 659 quippe
246 619 340 645 cum
378 603 440 643 nil
476 602 577 643 noui
613 601 806 655 nihilque
843 600 1015 641 difficile
1054 601 1243 641 facturus
1285 599 1392 642 mihi

51 663 234 717 uiderer,
277 662 526 716 praesertim
575 663 673 715 post
715 663 881 701 tantum
932 660 1135 713 temporis
1179 662 1266 700 tam
1309 660 1392 701 for-

0 762 1 767 ,
51 737 222 764 monsae
254 721 445 762 mulieris
477 719 686 774 cupientis
718 718 938 773 amplexus
971 719 1176 759 obiturus.
1221 733 1317 759 nam
1351 721 1394 760 et

2 797 3 810 ¹
52 782 152 822 uino
196 780 481 835 pulcherrimo
520 782 645 833 atque
684 778 853 832 copioso
892 780 1049 819 memet
1087 777 1392 819 madefeceram

2 848 3 893 Ῑ
52 843 95 881 et
131 842 350 895 unguento
388 838 721 893 fraglantissimo
760 837 1004 891 prolubium
1035 836 1225 878 libidinis
1264 837 1392 878 susci-

3 934 4 939 ,
52 903 198 940 taram.
253 897 387 939 XXII.
426 897 499 938 sed
536 897 721 952 angebar
756 896 880 950 plane
912 910 997 936 non
1029 895 1130 936 exili
1166 899 1300 950 metu,
1332 911 1393 937 re-

3 977 4 980 *
52 961 206 1012 putans
233 972 357 1012 quem
383 956 435 997 ad
460 956 632 997 modum
658 956 789 996 tantis
815 958 985 1009 tamque
1011 955 1177 1009 magnis
1198 955 1393 996 cruribus

4 1034 5 1045 ³
52 1031 220 1072 possem
253 1016 475 1057 delicatam
507 1018 744 1056 matronam
771 1015 1013 1055 inscendere
1039 1014 1109 1055 uel
1134 1017 1222 1055 tam
1253 1014 1394 1055 lucida

4 1099 5 1111 ÷
52 1079 222 1130 tamque
254 1078 399 1116 tenera
424 1077 465 1116 et
489 1074 597 1115 lacte
624 1089 672 1114 ac
696 1073 821 1114 melle
847 1073 1038 1114 confecta
1062 1073 1252 1114 membra
1278 1073 1394 1114 duris

5 1153 6 1160 ³
51 1135 223 1189 ungulis
268 1133 489 1187 complecti
537 1133 755 1186 labiasque
805 1132 991 1173 modicas
1043 1132 1254 1173 ambrosio
1298 1147 1393 1173 rore

6 1236 7 1243 χ
52 1196 334 1248 purpurantes
372 1196 458 1233 tam
497 1191 636 1246 amplo
670 1206 740 1232 ore
772 1194 943 1245 tamque
983 1191 1144 1232 enormi
1182 1194 1224 1232 et
1256 1191 1393 1232 saxeis

2 1252 7 1298 '5
53 1253 250 1294 dentibus
289 1251 466 1292 deformi
503 1251 676 1303 sauiari,
713 1250 944 1291 nouissime
983 1264 1066 1304 quo
1108 1252 1230 1304 pacto
1265 1265 1394 1304 quan-

2 1307 9 1341 ³³v
53 1326 179 1365 quam
212 1326 263 1352 ex
295 1310 535 1365 unguiculis
566 1310 882 1364 perpruriscens
914 1309 1066 1350 mulier
1098 1312 1186 1349 tam
1224 1312 1393 1350 uastum

53 1370 236 1425 genitale
269 1370 510 1424 susciperet.
547 1368 630 1410 heu
663 1383 728 1408 me
755 1368 829 1422 qui
855 1368 1047 1421 dirrupta
1072 1368 1205 1409 nobili
1236 1368 1396 1409 femina

8 1439 9 1461 1
52 1429 201 1470 bestiis
239 1429 429 1469 obiectus
467 1443 620 1468 munus
653 1428 939 1468 instructurus
977 1428 1057 1467 sim
1099 1427 1182 1468 mei
1215 1427 1395 1468 domini!

52 1488 202 1529 molles
246 1488 458 1529 interdum
501 1486 674 1528 uoculas
719 1490 760 1527 et
804 1486 978 1526 adsidua
1015 1486 1133 1527 sauia
1172 1489 1214 1527 et
1252 1486 1396 1527 dulces

10 1627 11 1639 ¹
54 1638 202 1662 rosacee
228 1627 431 1661 lotionibus
467 1626 699 1671 expurgauit.
749 1626 799 1660 At
826 1625 911 1659 dein
947 1625 1094 1670 digitis,
1109 1628 1250 1678 ..ypate
1276 1625 1395 1660 licha-

53 1686 132 1718 nos,
158 1685 267 1718 mese,
293 1684 485 1718 paramese
510 1675 548 1708 et
572 1675 658 1708 nete
689 1673 838 1707 hastam
862 1672 936 1707 mei
961 1672 1137 1718 unguinis
1162 1672 1265 1707 niuei
1291 1685 1395 1718 spur-

11 1755 12 1768 }
55 1721 162 1756 ciciei
192 1721 359 1766 pluscule
391 1720 555 1755 excorias
589 1719 816 1755 emundauit
867 1720 915 1754 Et
946 1731 1030 1754 cum
1061 1720 1110 1754 ad
1141 1720 1305 1765 inguinis
1337 1731 1396 1754 06

11 1771 13 1807 Ξ,
53 1768 209 1814 phalum
233 1767 395 1803 formosa
419 1767 552 1802 mulier
572 1767 746 1802 concitim
772 1767 948 1802 ueniebat
972 1768 1019 1801 ab
1041 1767 1186 1801 orcibus
1212 1767 1395 1812 ganniens

7 1839 8 1842 =
56 1826 124 1860 ego
163 1818 201 1850 et
239 1815 368 1850 dentes
406 1815 455 1849 ad
491 1815 617 1849 Iouem
654 1814 804 1849 eleuans
841 1814 972 1859 priapo
1010 1814 1196 1858 frequenti
1239 1814 1395 1848 frictuia

55 1862 294 1907 porrixabam
318 1862 473 1907 ipsoque
492 1862 616 1906 pando
638 1863 675 1896 et
694 1861 857 1906 repando
878 1864 1008 1896 uentre
1029 1861 1236 1906 sepiuscule
1256 1864 1395 1896 tracta-

12 1907 14 1919 *
54 1910 152 1944 bam.
202 1910 288 1954 Ipsa
320 1920 465 1953 quoque
496 1909 697 1953 inspiciens
730 1909 829 1952 quod
863 1908 994 1953 genius
1025 1909 1122 1943 inter
1154 1909 1395 1943 anthteneras

13 1987 15 1990 .
57 1958 269 1992 excreuerat
293 1956 481 1991 modicum
511 1956 605 1990 illud
637 1956 777 1990 morule
804 1967 878 2000 qua
909 1955 1066 1990 lustrum
1093 1956 1207 1990 sterni
1242 1957 1396 1990 manda-

14 2007 15 2050 }
57 2006 164 2038 uerat
200 2003 288 2039 anni
327 2003 399 2038 sibi
436 2003 708 2038 reuolutionem
745 2003 966 2037 autumabat
1088 2008 1104 2037 1
1144 2003 1278 2037 iactari
1316 2005 1396 2038 cdd.

10 2078 11 2093 2
57 2051 190 2085 lactari
215 2052 255 2086 E.
353 2055 372 2084 2
399 2050 720 2095 negantinummia
745 2051 847 2095 Lips.
891 2050 1187 2095 negatinummia
1211 2051 1289 2085 cdd.
1333 2061 1396 2084 ne-

15 2134 17 2137 ,
57 2097 302 2143 gotinummia
321 2098 361 2132 Ε.
432 2101 449 2132 7
473 2097 637 2132 declinat
657 2098 679 2131 δ
746 2101 788 2131 12
814 2097 1103 2142 flagrantissimo
1123 2098 1187 2141 qu
1239 2102 1280 2131 15
1318 2109 1395 2131 ma-

57 2146 202 2179 tronam
233 2145 261 2179 F
293 2158 360 2191 my.
388 2159 415 2190 φ
459 2144 652 2179 mulierem
678 2158 705 2189 φ
742 2146 816 2189 (sed
843 2146 1041 2189 inductum)
1164 2148 1205 2178 19
1240 2144 1395 2178 deformi

1235 2200 1249 2217 θ
1273 2200 1289 2217 Ο

58 2227 186 2271 scripsi
230 2227 403 2261 deformis
435 2228 512 2262 cdd.
541 2228 704 2270 (fortasse
732 2229 770 2262 in
794 2227 822 2260 F
855 2240 869 2261 s
896 2229 979 2262 add.
1009 2240 1050 2262 m.
1076 2230 1120 2271 r.)
1165 2200 1339 2261 defoffmis
1367 2241 1394 2268 φ

58 2277 141 2318 (ego
174 2275 291 2309 uiridi
321 2276 433 2309 colore
464 2276 649 2318 adpictum
680 2277 742 2318 est)
863 2279 904 2308 21
940 2274 1030 2318 quid
1062 2274 1205 2317 irrupta
1231 2273 1258 2306 F
1291 2273 1329 2317 (d
1358 2275 1395 2307 in

58 2322 144 2365 ras.)
179 2321 228 2365 qd
254 2321 421 2366 dirrupta
447 2335 474 2366 φ
