1591 2556
136 79 222 119 200
680 78 809 113 LIBRI
833 78 937 113 VIIII

134 173 248 215 XVI.
277 175 456 229 denique
482 175 548 216 die
575 175 754 229 quadam
780 175 967 216 tinnulae
995 175 1109 216 illius
1130 175 1318 216 aniculae
1337 189 1471 217 sermo

135 233 233 274 talis
264 248 378 275 meas
411 234 599 275 adfertur
631 234 743 275 auris

224 292 302 334 ‘De
334 293 417 334 isto
445 293 627 347 quidem,
651 294 710 334 mi
736 293 863 347 erilis,
889 296 1029 334 tecum
1057 293 1149 347 ipsa
1174 293 1343 347 uideris,
1369 293 1475 347 quod

135 352 225 392 sine
257 367 351 393 meo
384 352 560 393 consilio
592 352 763 407 pigrum
795 356 836 393 et
866 352 1193 393 formidulosum
1223 351 1472 393 familiarem

135 411 264 452 istum
297 412 447 452 sortita
479 426 533 465 eS‚
572 411 644 465 qui
675 411 864 452 insuauis
897 414 939 452 et
971 411 1105 452 odiosi
1136 411 1279 452 mariti
1316 411 1380 452 tui
1408 425 1470 452 ca-
1506 426 1523 452 5

134 472 350 523 perratum
382 470 653 523 supercilium
680 470 890 525 ignauiter
915 470 1198 524 perhorrescit
1223 485 1270 511 ac
1295 485 1371 524 per
1389 469 1472 511 hoc

134 529 290 570 amoris
323 529 513 583 languidi
546 529 704 570 desidia
735 533 831 570 tuos
857 529 1048 570 uolentes
1074 529 1293 583 amplexus
1319 529 1471 570 discru-

133 588 226 628 ciat.
296 591 453 642 quanto
497 588 648 629 melior
686 588 988 630 Philesitherus
1029 588 1271 630 adulescens
1313 590 1350 629 et
1389 586 1472 629 for-

134 661 307 687 monsus
346 650 387 688 et
424 647 611 689 liberalis
649 651 691 688 et
729 651 925 689 strenuus
966 650 1008 688 et
1049 650 1195 688 contra
1224 648 1471 688 maritorum

134 705 370 747 inefficaces
404 706 646 761 diligentias
678 707 1059 761 constantissimus,
1098 707 1251 761 dignus
1282 704 1470 747 hercules
1491 721 1525 746 10

133 764 249 805 solus
270 765 458 806 omnium
479 769 768 806 matronarum
795 766 956 807 deliciis
982 766 1154 819 perfrui,
1180 765 1330 820 dignus
1356 764 1471 806 solus

134 838 332 864 coronam
365 839 533 865 auream
572 825 707 878 capite
740 828 921 879 gestare,
959 825 1027 866 uel
1060 825 1113 865 ob
1145 825 1314 866 unicum
1346 822 1472 878 istud,

134 883 246 936 quod
278 898 389 924 nunc
421 898 554 937 nuper
585 884 628 924 in
662 884 870 938 quendam
902 884 1143 938 zelotypum
1176 883 1373 924 maritum
1405 897 1471 924 ex—

133 941 237 982 imia
268 942 427 983 astutia
464 946 727 984 commentus
765 946 838 984 est.
902 943 999 983 audi
1035 943 1213 996 denique
1245 945 1284 983 et
1315 944 1472 983 amato—

132 1015 225 1041 rum
260 1001 473 1042 diuersum
505 1002 723 1056 ingenium
756 1017 962 1056 compara.
1491 1015 1524 1040 15
1552 1040 1554 1043 .

220 1058 356 1100 XVII.
400 1059 528 1101 Nosti
567 1061 775 1114 quendam
808 1060 1043 1101 Barbarum
1081 1064 1245 1101 nostrae
1285 1059 1471 1101 ciuitatis

133 1118 414 1173 decurionem,
449 1133 573 1173 quem
607 1118 881 1173 Scorpionem
912 1134 1013 1173 prae
1043 1134 1207 1160 morum
1240 1118 1473 1160 acritudine

132 1177 288 1232 uulgus
338 1178 534 1232 appellat.
607 1178 677 1219 hic
720 1193 894 1219 uxorem
941 1193 1187 1233 generosam
1235 1181 1277 1219 et
1319 1177 1475 1218 eximia

130 1236 428 1278 formonsitate
459 1237 693 1291 praeditam
731 1238 838 1278 mira
870 1237 1085 1279 custodela
1120 1238 1327 1278 munitam
1359 1236 1474 1277 domi

134 1310 234 1336 suae
267 1310 393 1349 quam
427 1297 669 1338 cautissime
702 1297 952 1338 cohibebat.³
1492 1309 1527 1333 2⁰

220 1353 288 1395 Ad
319 1354 422 1396 haec
448 1355 600 1396 ultima
624 1357 798 1409 pistoris
824 1355 897 1396 illa
925 1370 1033 1397 uxor
1059 1356 1267 1397 subiciens
1293 1354 1472 1409 ‘quidni'

133 1413 274 1467 inquit
312 1414 428 1455 ‘noui
469 1414 704 1469 diligenter.
771 1414 931 1456 Areten
968 1430 1104 1456 meam
1142 1413 1472 1467 condiscipulam

133 1473 370 1513 memoras.’
422 1473 478 1527 [p.
496 1473 673 1528 165.E.]
707 1474 839 1528 (ergo’
871 1475 1011 1528 inquit
1043 1489 1146 1515 anus
1178 1473 1307 1514 ‘nosti
1338 1475 1473 1513 totam

131 1530 405 1573 Philesitheri
437 1535 479 1573 et
510 1533 644 1586 ipsius
675 1533 908 1574 fabulam?⁷
957 1533 1143 1574 ‘minime
1175 1532 1381 1587 gentium’
1412 1531 1472 1572 in-

133 1590 226 1643 quit
258 1590 346 1631 esed
378 1605 500 1632 nosse
532 1591 654 1633 ualde
682 1593 804 1646 cupio
832 1596 874 1633 et
902 1606 988 1646 oro,
1019 1595 1164 1646 mater,
1196 1591 1341 1632 ordine
1365 1589 1473 1632 mihi
1492 1603 1526 1628 25

131 1649 302 1703 singula
332 1650 501 1691 retexe'
1131 1648 1135 1655 ’

220 1707 310 1749 Nec
361 1713 619 1750 commorata
668 1709 741 1750 illa
784 1710 1105 1751 sermocinatrix
1154 1709 1364 1751 inmodica
1412 1709 1472 1749 sic

134 1766 277 1820 [anus]
310 1767 460 1821 incipit
493 1768 720 1809 ‘Barbarus
759 1769 839 1809 iste
877 1783 971 1810 cum
1007 1769 1283 1810 necessariam
1314 1767 1471 1822 profec-

229 1934 246 1963 1
274 1930 442 1965 tinnulae
469 1931 632 1966 Wassius
657 1932 702 1974 cf.
723 1935 753 1965 4.
771 1935 832 1975 28;
860 1935 936 1966 165.
952 1936 973 1966 4
1004 1931 1231 1966 temulentae
1251 1931 1398 1966 Wower.
1424 1930 1469 1973 cf.

134 1980 247 2011 1121
275 1976 430 2012 timidae
457 1979 534 2013 cdd.
561 1979 619 2014 hie
643 1983 676 2013 et
700 1983 732 2013 4.
748 1982 791 2013 28
907 1983 927 2013 3
959 1979 1059 2023 quod
1084 1979 1208 2013 Rohde
1251 1988 1360 2022 quem
1391 1978 1469 2012 cdd.

132 2028 152 2057 4
180 2023 463 2058 formidulosum
487 2025 515 2058 F
552 2025 834 2060 formidolosum
859 2026 941 2070 φΕ.
1039 2029 1059 2060 8
1084 2024 1353 2060 Philesitherus
1378 2024 1469 2058 ΒΜ.

131 2070 370 2115 philesiterus
402 2071 501 2116 Ρφὸ
543 2072 777 2107 Philetaerus
808 2072 849 2107 E.
974 2077 1111 2107 10—12
1146 2071 1280 2117 dignus
1312 2070 1469 2106 solus—

132 2119 280 2163 gestare
299 2120 340 2152 i‘n
354 2131 382 2162 φ
401 2120 524 2153 statim
543 2121 703 2164 sequitur
716 2124 799 2164 post
823 2119 1145 2155 constantissimus
1203 2122 1314 2153 13.14
1334 2117 1470 2153 eximia

133 2164 275 2200 astutia
293 2167 422 2210 scripsi
448 2165 582 2200 eximio
599 2166 722 2201 studio
743 2168 822 2202 cdd.
849 2166 984 2201 eximio
998 2166 1120 2202 astulo
1135 2166 1251 2202 Kron.
1320 2169 1362 2200 17
1380 2175 1470 2210 prae

131 2213 261 2257 scripsi
296 2217 321 2257 ᾗ
346 2212 411 2257 Fcp
448 2223 516 2257 pro
544 2213 619 2248 δΕ.
646 2215 690 2257 cf.
717 2218 794 2248 167.
810 2218 831 2248 3
914 2213 1124 2259 aptitudine
1149 2215 1173 2248 ἃ
1269 2216 1312 2247 19
1335 2212 1470 2247 formo-

133 2259 245 2294 sitate
270 2259 298 2293 F
359 2259 488 2294 domus
515 2273 542 2304 φ
611 2265 655 2295 24
680 2261 881 2305 philetheri
907 2261 935 2295 F
960 2260 1153 2305 philesteri
1179 2274 1207 2305 φ
1275 2263 1319 2294 28
1346 2259 1469 2306 [anus]

132 2308 269 2342 exclusi
