1539 2556
514 484 563 532 P
575 484 735 533 ΒΑΕ
744 484 933 533 FAT1
945 485 1005 534 O.

174 652 260 690 Iam
292 652 443 690 dudum
479 653 559 690 uiri
591 653 715 700 docti,
748 666 826 703 quo
865 653 1023 702 plenius
1056 656 1096 691 et
1127 654 1353 693 accuratius
1385 655 1432 693 de

90 713 207 750 textu
231 711 604 761 Metamorphoseon
630 712 887 761 iudicaretur,
918 725 1065 750 nouam
1091 714 1345 752 collationem
1370 714 1434 753 de-

90 770 317 808 siderarunt
342 771 488 809 codicis
513 771 746 818 Florentini,
774 772 843 820 qui
868 771 1068 809 indicatur
1093 772 1230 810 littera
1256 787 1297 821 φ.
1334 773 1436 811 Erat

92 830 197 867 enim
228 830 503 880 manifestum,
535 831 640 868 hunc
677 830 843 878 librum,
876 833 1092 880 antequam
1129 832 1354 881 exemplum
1386 832 1434 870 ab

92 889 218 926 altero
251 888 410 939 quidem
444 892 662 927 correctore
694 889 954 927 immutatum
983 892 1089 928 esset
1118 903 1189 929 nec
1220 904 1299 929 non
1324 892 1434 929 ante-

90 960 210 998 quam
242 948 371 986 multa
401 950 581 998 tempore
615 951 654 986 et
685 961 762 986 usu
788 949 960 986 euanida
987 962 1009 986 a
1035 950 1271 999 rescriptore
1305 953 1436 988 essent

87 1007 156 1044 uel
191 1007 365 1056 repetita
402 1008 469 1045 uel
505 1007 764 1057 interpolata,
804 1021 851 1045 ex
889 1008 1038 1057 optimo
1078 1011 1118 1046 et
1157 1009 1434 1059 antiquissimo

87 1068 192 1104 teste
230 1060 300 1119 (F)
339 1066 584 1116 descriptum
628 1067 836 1115 permultis
876 1067 974 1105 locis
1018 1067 1211 1106 sinceram
1255 1080 1434 1106 seruasse

91 1125 344 1173 scripturam.
399 1125 620 1175 Postquam
652 1126 988 1176 Eyssenhardtius
1021 1127 1194 1165 codicem
1225 1127 1256 1164 F
1288 1128 1434 1177 „plene

90 1182 297 1232 contulit“,
335 1184 507 1222 alterum
544 1197 639 1222 uero
678 1185 851 1222 codicem
889 1185 1026 1222 multis
1067 1186 1164 1223 locis
1203 1183 1435 1236 „inspexit“,

91 1243 274 1292 equidem
311 1243 512 1281 inuersam
548 1244 744 1282 rationem
783 1246 943 1282 secutus
976 1244 1150 1282 codicem
1181 1245 1211 1282 F
1250 1245 1435 1294 plurimis

89 1302 131 1339 in
162 1302 259 1340 locis
292 1302 461 1351 contuli,
500 1317 529 1349 φ
562 1305 701 1340 contra
731 1303 847 1352 plene
880 1304 1044 1341 excussi.
1090 1303 1132 1341 Si
1165 1316 1260 1353 qua,
1298 1307 1345 1341 ut
1376 1303 1434 1354 fit,

88 1363 229 1410 postea
267 1360 609 1399 subnascebantur
646 1362 784 1412 dubia,
821 1362 1023 1411 professor
1051 1362 1309 1401 Florentinus
1341 1362 1435 1401 Hie·

88 1432 278 1470 ronymus
297 1419 499 1469 Vitellius,
526 1420 590 1457 uir
608 1433 686 1458 non
712 1421 841 1470 magis
868 1426 1030 1470 propter
1053 1421 1285 1470 doctrinam,
1313 1434 1432 1471 quam

87 1480 254 1528 propter
288 1478 608 1517 beneuolentiam
647 1480 936 1529 praedicandus
975 1492 1046 1517 nec
1084 1493 1161 1518 non
1200 1480 1284 1518 eius
1316 1480 1433 1518 disci-

87 1538 209 1587 pulus
240 1551 280 1576 u.
311 1538 347 1577 d.
379 1538 427 1576 N.
461 1538 582 1576 Testa
612 1538 653 1575 in
684 1551 819 1576 meum
849 1551 967 1576 usum
1004 1541 1221 1589 utrumque
1255 1539 1431 1578 codicem

90 1597 220 1635 denuo
252 1597 522 1646 inspexerunt.

177 1656 397 1694 Notissima
441 1659 502 1694 est
537 1656 660 1694 Keilii
699 1657 914 1706 sententia,
953 1670 1086 1695 omnes
1124 1658 1296 1707 codices,
1336 1670 1434 1707 quos

91 1715 251 1765 quidem
274 1715 316 1752 in
341 1715 462 1753 Italia
487 1715 666 1766 uidisset,
699 1728 746 1753 ex
769 1716 801 1753 F
828 1728 912 1754 esse
946 1716 1148 1755 deductos.
1195 1716 1434 1767 Quanquam

90 1786 245 1823 semper
282 1775 441 1822 speraui
478 1775 563 1812 fore
596 1776 642 1812 ut
680 1775 894 1825 aliquando
927 1776 1092 1814 alterius
1126 1776 1333 1813 cuiusdam
1372 1788 1432 1813 re-

90 1833 285 1871 censionis
321 1833 544 1871 inuenirem
581 1833 773 1884 uestigia,
806 1834 1074 1872 confitendum
1106 1836 1167 1872 est
1210 1835 1339 1872 adhuc
1371 1847 1434 1872 me

90 1892 132 1930 in
169 1892 267 1941 illis,
306 1904 408 1941 quae
446 1892 545 1929 mihi
582 1892 628 1929 de
668 1893 867 1931 codicibus
898 1893 1135 1943 Apuleianis
1175 1894 1433 1943 innotuerint,

90 1964 169 1989 non
199 1951 431 2000 repperisse,
464 1963 534 1988 cur
565 1952 611 1988 de
642 1952 790 2001 placito
822 1952 1005 1991 Keiliano
1039 1952 1290 1990 discederem.

173 2010 509 2060 Eyssenhardtius
527 2010 721 2048 librorum
738 2011 1058 2050 Florentinorum
1083 2012 1283 2061 lectiones,
1306 2023 1429 2060 quan-

92 2081 212 2118 quam
237 2069 471 2118 complures,
496 2068 608 2107 libris
634 2082 713 2108 non
737 2070 938 2120 inspectis,
970 2083 1083 2109 secus
1108 2070 1300 2119 suspicati
1326 2072 1430 2117 sunt,

93 2128 250 2166 omnino
292 2128 388 2165 satis
427 2128 641 2177 diligenter
681 2130 1017 2178 repraesentauit:
1062 2129 1255 2168 nonnulla
1297 2131 1432 2166 tamen

93 2186 239 2237 omisit,
263 2186 305 2223 in
331 2186 420 2225 aliis
443 2187 605 2237 errauit,
630 2187 672 2224 in
696 2201 738 2226 re
766 2188 904 2226 critica
929 2201 1057 2238 neque
1083 2189 1142 2227 ita
1166 2189 1341 2225 multum
1366 2199 1432 2225 ne-

93 2258 169 2295 que
201 2245 297 2283 satis
329 2245 499 2284 feliciter
531 2249 591 2284 est
615 2249 817 2297 uersatus,
849 2248 1029 2285 uirorum
1061 2248 1269 2286 doctorum
1301 2245 1434 2284 studia

92 2305 176 2342 fere
206 2316 368 2354 prorsus
400 2305 588 2355 neglexit.
