1591 2556
147 100 232 141 206
689 98 818 133 LIBRI
843 98 946 133 VIIII

237 195 489 237 ‘Nefarium’
533 195 672 248 inquit
716 195 773 236 ‘et
816 197 1051 236 extremum
1093 194 1257 235 facinus
1297 193 1487 247 perditae

148 255 328 296 feminae
371 254 550 295 tolerare
600 254 802 308 nequiens
848 254 952 308 fuga
998 268 1064 294 me
1113 252 1315 307 proripui.
1387 251 1485 293 hem

150 313 299 368 qualis,
337 313 395 354 dii
426 312 540 367 boni,
576 315 786 367 matrona,
825 327 950 366 quam
982 312 1066 352 fida
1104 325 1314 366 quamque
1345 310 1488 352 sobria

149 372 395 426 turpissimo
428 386 471 413 se
510 371 708 412 dedecore
745 372 950 413 foedauit!
1013 371 1105 412 iuro
1137 385 1212 425 per
1249 371 1375 411 istam
1406 382 1485 424 ego

149 434 337 473 sanctam
370 429 581 484 Cererem,
618 445 685 472 me
716 445 827 472 nunc
859 431 985 472 etiam
1018 430 1122 471 meis
1161 429 1294 471 oculis
1332 429 1382 470 de
1412 428 1486 470 tali

150 490 326 532 muliere
357 490 498 530 minus
531 489 725 530 credere.9

237 549 318 590 His
350 548 551 589 instincta
581 548 722 590 uerbis
760 549 903 589 mariti
941 548 1220 589 audacissima
1258 561 1364 588 uxor
1395 560 1488 587 nos-

150 609 303 650 cendae
328 608 390 648 rei
416 607 588 661 cupiens
613 621 697 648 non
724 611 861 649 cessat
886 607 1131 661 optundere,
1156 609 1291 647 totam
1315 619 1489 660 prorsus

151 683 174 708 a
204 667 413 721 principio
445 666 632 707 fabulam
657 670 880 720 promeret.
932 681 1006 707 nec
1036 666 1212 720 destitit,
1244 665 1374 706 donec
1400 664 1490 705 eius

150 726 363 767 uoluntati
400 725 624 767 succubuit
666 726 844 766 maritus
889 728 930 766 et
974 725 1050 779 sic,
1094 725 1267 779 ignarus
1305 738 1490 776 suorum,

152 786 300 826 domus
333 784 492 825 alienae
524 787 743 838 percenset
774 784 1055 825 infortunium

239 842 417 885 XXIIII.
457 842 798 885 ‘Contubernalis
831 844 913 884 mei
945 843 1120 883 fullonis
1153 857 1271 896 uxor,
1303 840 1491 895 alioquin

151 903 308 945 seruati
347 902 538 957 pudoris,
582 905 630 943 ut
668 902 909 956 uidebatur,
952 902 1120 955 femina,
1164 916 1270 955 quae
1309 899 1492 941 secundo

149 976 305 1015 semper
335 976 503 1002 rumore
542 960 728 1015 gloriosa
757 961 889 1002 larem
927 961 1069 1001 mariti
1106 960 1256 1014 pudice
1289 959 1492 1014 guberna-

151 1022 237 1075 bat,
262 1020 428 1061 occulta
451 1019 627 1061 libidine
653 1020 893 1073 prorumpit
918 1020 961 1060 in
982 1019 1218 1060 adulterum
1240 1018 1491 1073 quempiam.

153 1094 332 1133 cumque
376 1079 559 1119 furtiuos
604 1078 823 1132 amplexus
867 1078 1004 1119 obiret
1047 1078 1236 1132 adsidue,
1282 1078 1375 1131 ipso
1419 1076 1493 1117 illo

153 1139 332 1192 denique
370 1141 603 1191 momento7
649 1152 731 1191 quo
776 1152 853 1178 nos
896 1136 1002 1177 lauti
1047 1151 1191 1178 cenam
1235 1135 1494 1190 petebamus,

153 1213 249 1239 cum
282 1197 427 1238 eodem
461 1196 533 1237 illo
573 1197 723 1237 iuuene
755 1196 1013 1237 miscebatur
1042 1196 1087 1236 in
1124 1210 1332 1236 uenerem.
1394 1208 1494 1249 ergo

153 1259 299 1298 nostra
330 1259 502 1309 repente
534 1255 704 1296 turbata
735 1255 975 1309 praesentia
1006 1255 1211 1296 subitario
1245 1254 1370 1295 ducta
1401 1267 1494 1294 con-

155 1315 250 1357 silio
283 1315 461 1356 eundem
494 1314 615 1355 illum
647 1314 885 1355 subiectum
919 1314 1106 1368 contegit
1141 1313 1326 1354 uiminea
1357 1326 1494 1366 cauea,

154 1389 260 1429 quae
304 1374 483 1415 fustium
522 1374 633 1414 flexu
672 1374 795 1414 tereti
836 1374 879 1414 in
917 1375 1078 1414 rectum
1117 1375 1318 1427 aggerata
1355 1385 1495 1412 cumu-

152 1434 242 1475 lum
273 1433 448 1474 lacinias
475 1432 753 1473 circumdatas
780 1433 941 1473 suffusa
966 1432 1141 1473 candido
1166 1431 1284 1472 fumo
1310 1430 1496 1484 sulpuris

155 1492 387 1545 inalbabat‚
428 1506 560 1545 eoque
592 1491 692 1545 iam,
730 1494 778 1532 ut
809 1491 891 1532 sibi
923 1491 1158 1544 uidebatur,
1189 1490 1401 1531 tutissime
1434 1504 1494 1530 ce-

154 1552 240 1592 lato
284 1565 472 1591 mensam
517 1550 738 1591 nobiscum
780 1565 926 1591 secura
970 1549 1208 1604 participat.
1282 1548 1494 1589 interdum

155 1610 358 1652 acerrimo
392 1609 597 1664 grauique
629 1609 755 1650 odore
788 1609 974 1663 sulpuris
1007 1608 1173 1649 iuuenis
1199 1608 1410 1649 inescatus
1436 1610 1493 1647 at-

155 1684 235 1723 que
269 1668 541 1710 obnubilatus
580 1668 809 1709 intercluso
842 1668 995 1722 spiritu
1031 1668 1229 1721 (sudore)
1263 1666 1494 1720 diffluebat,

154 1730 285 1782 utque
317 1730 381 1768 est
412 1727 629 1782 ingenium
663 1727 824 1768 uiuacis
855 1726 1028 1781 metalli,
1065 1726 1231 1768 crebras
1264 1726 1302 1767 ei
1334 1728 1494 1766 sternu-

154 1787 335 1828 tationes
368 1786 672 1827 commouebat.
734 1785 867 1827 XXV.
901 1788 1026 1840 atque
1058 1788 1107 1826 ut
1136 1785 1321 1839 primum
1353 1799 1403 1825 ex
1433 1798 1494 1824 re-

155 1846 280 1901 gione
324 1845 513 1886 mulieris
558 1860 665 1899 pone
709 1848 877 1899 tergum
922 1845 1011 1885 eius
1055 1844 1232 1885 maritus
1277 1846 1495 1897 acceperat

249 1989 269 2018 3
297 1984 349 2018 dii
375 1984 403 2018 F
499 1988 520 2018 4
547 1971 625 2019 idro
646 1984 673 2017 F
739 1995 805 2028 per
818 1984 931 2018 istam
945 1995 1013 2029 ego
1034 1984 1096 2028 an
1122 1994 1188 2027 per
1200 1983 1313 2016 istam
1326 1983 1493 2016 sanctam

156 2043 224 2076 ego
251 2033 273 2066 δ
315 2042 381 2076 per
405 2042 475 2076 ego
501 2031 613 2066 istam
642 2031 730 2066 Oud.
758 2033 803 2074 cf.
833 2035 964 2074 75.18;
992 2034 1045 2065 99.
1062 2034 1082 2064 3
1180 2032 1295 2064 13.14
1331 2028 1492 2063 secundo

156 2101 299 2135 semper
330 2101 475 2124 rumore
509 2092 640 2134 scripsi
683 2082 883 2125 secdo***
908 2099 1052 2124 rumore
1078 2088 1106 2122 F
1133 2082 1337 2134 (do—rum
1361 2098 1427 2122 ser.
1455 2088 1496 2121 in

154 2139 343 2182 ras.m.r.)
376 2135 440 2183 sep
468 2138 664 2180 secundozl.
690 2148 751 2171 ore
778 2138 840 2180 φὸ
865 2138 909 2180 ef.
938 2140 1015 2171 118.
1036 2140 1080 2170 24
1179 2139 1220 2169 19
1253 2135 1408 2169 curuata.
1426 2134 1494 2176 qu

157 2190 198 2219 21
226 2185 336 2220 tereti
360 2185 449 2219 Oud.
477 2184 563 2218 ter&
590 2184 654 2227 sz
674 2196 739 2219 om.
755 2185 778 2218 ὃ
850 2186 990 2219 rectum
1018 2183 1083 2225 qu
1110 2184 1273 2217 erectum
1299 2183 1352 2226 dg
1430 2192 1494 2225 ag-

156 2234 287 2277 gerata
313 2232 409 2276 Ρφδ
446 2233 652 2276 aggregata
678 2231 717 2265 E.
744 2232 788 2274 cf.
817 2236 871 2266 31.
896 2235 913 2264 7
1012 2234 1054 2264 22
1081 2229 1236 2275 suffusa]
1263 2228 1390 2263 suffisa
1414 2229 1492 2263 cdd.

156 2281 200 2322 cf.
230 2283 307 2314 166.
330 2284 350 2313 2
394 2278 554 2323 sulpuris
580 2278 607 2311 F
634 2280 715 2313 «item
733 2290 785 2313 us.
808 2282 851 2313 25
951 2281 993 2312 26
1027 2277 1174 2323 spiritu]
1203 2275 1374 2320 spiritum
1399 2275 1495 2319 Fq>3

158 2326 347 2373 (sudore)
375 2327 511 2361 inserui
536 2327 579 2369 cf.
608 2329 638 2360 8.
660 2329 699 2359 17

1511 737 1546 762 10
