1591 2556
510 93 610 127 eAP.
638 90 926 127 XVII-XVIIII
1306 93 1391 134 237

50 192 242 233 z’mnentis
282 190 434 245 quibus
472 203 676 244 generosa
714 187 882 229 suboles
924 188 1120 243 perhibet
1161 190 1391 243 pretiosam

52 250 322 305 dignitatem,
353 264 419 290 me
451 247 636 302 phaleris
668 247 805 288 aureis
839 250 880 288 et
911 247 1064 289 fucatis
1104 247 1315 302 ephippiis
1349 251 1391 289 et
1422 266 1424 268 ’

51 309 275 364 purpureis
307 307 461 362 tapetis
493 310 535 348 et
565 307 696 348 frenis
729 306 939 361 argenteis
978 309 1019 347 et
1050 306 1268 360 pictilibus
1306 307 1391 347 bal-

51 368 132 410 teis
170 371 212 409 et
253 366 552 408 tintinnabulis
594 365 832 420 perargutis
871 368 1122 406 exornatum
1159 365 1249 420 ipse
1294 366 1391 407 resi-

54 427 173 481 dens,
216 426 503 467 amantissime
547 440 631 466 non
676 439 892 478 nunquam
931 424 1184 465 comissimis
1226 424 1394 465 adfatur

53 485 317 528 sermonibus
361 488 486 539 atque
530 485 641 525 inter
679 483 760 524 alia
803 483 1002 538 pleraque
1042 498 1205 525 summe
1244 498 1288 525 se
1328 483 1393 523 de-

52 545 199 586 lectari
229 544 510 598 profitebatur
541 543 654 598 quod
684 543 859 583 haberet
891 542 934 583 in
966 557 1032 583 me
1066 542 1194 583 simul
1226 545 1267 583 et
1299 557 1393 583 con-

53 604 196 645 uiuam
229 606 270 644 et
301 606 524 644 uectorem.

141 661 321 703 XVIIII.
366 661 424 703 At
457 662 529 703 ubi
561 661 716 715 partim
749 661 957 714 terrestri,
990 660 1147 715 partim
1179 661 1393 701 maritimo

1 746 5 762 ·
54 721 204 763 itinere
237 722 426 763 confecto
454 720 705 762 Corinthum
732 719 996 773 accessimus,
1029 733 1206 774 magnae
1236 720 1394 760 ciuium

54 781 202 822 turbae
247 780 531 834 confluebant,
575 783 622 820 ut
665 779 771 820 mihi
814 779 1056 832 uidebatur,
1100 794 1185 820 non
1229 782 1395 819 tantum

53 839 199 880 Thiasi
238 840 384 880 dantes
421 839 573 880 honori
606 853 732 892 quam
763 838 846 879 mei
879 840 1129 892 conspectus
1166 838 1395 892 cupientes.

55 913 152 939 nam
189 901 308 939 tanta
346 898 473 940 etiam
511 897 669 939 ibidem
707 897 756 938 de
795 912 860 938 me
899 897 1011 937 fama
1048 899 1310 951 peruaserat,
1349 899 1397 937 ut

55 972 140 999 non
170 958 371 999 mediocri
398 957 592 1012 quaestui
624 956 865 1011 praeposito
898 956 962 996 illi
993 970 1087 997 meo
1113 956 1278 997 fuerim.
1324 955 1397 1010 qui

1 1041 8 1064 3!
56 1032 150 1058 cum
183 1016 340 1058 multos
372 1017 535 1058 uideret
566 1016 697 1057 nimio
730 1015 875 1056 fauore
907 1015 1026 1056 lusus
1129 1030 1174 1056 os
1207 1017 1395 1069 spectare

1 1077 3 1126 ξ
56 1090 123 1131 ge-
157 1075 213 1130 [p.
238 1076 331 1117 194.
351 1075 418 1129 E]
459 1075 651 1128 stientes,
691 1074 884 1115 obserata
921 1074 1010 1115 fore
1051 1030 1177 1128 affine
1216 1073 1396 1129 singulis

56 1149 201 1176 eorum
240 1149 406 1176 seorsus
440 1134 652 1187 admissis,
685 1133 815 1187 stipes
849 1135 1089 1187 acceptans,
1128 1147 1212 1174 non
1244 1147 1397 1187 paruas

2 1239 4 1246 ζ
57 1193 290 1235 summulas
323 1194 493 1234 diurnas
526 1192 743 1234 corradere
776 1195 1009 1233 consuerat.

43 1295 48 1299 ,
145 1252 245 1293 Fuit
277 1253 320 1293 in
353 1252 426 1294 illo
453 1251 748 1293 conuenticulo
775 1254 969 1292 matrona
996 1251 1200 1305 quaedam
1233 1250 1398 1305 pollens

3 1319 15 1363 {2
58 1314 99 1352 et
137 1312 330 1366 opulens,
368 1312 473 1366 quae
510 1326 626 1352 more
668 1313 901 1351 ceterorum
941 1310 1081 1350 uisum
1120 1324 1261 1350 meum
1293 1324 1398 1350 mer-

59 1373 152 1412 cata
183 1386 230 1412 ac
261 1370 412 1412 dehinc
437 1370 771 1411 multiformibus
796 1369 970 1410 ludicris
998 1369 1204 1410 delectata
1231 1383 1306 1423 per
1331 1368 1398 1409 ad-

4 1438 6 1478 {
58 1429 326 1471 mirationem
371 1429 588 1470 adsiduam
632 1428 837 1483 paulatim
881 1428 925 1468 in
975 1427 1267 1469 admirabilem
1316 1427 1400 1468 mei

5 1483 7 1537 J
60 1489 299 1543 cupidinem
325 1488 472 1530 incidit
503 1503 580 1529 nec
605 1487 736 1528 ullam
762 1502 967 1528 uaesanae
993 1487 1161 1528 libidini
1193 1486 1397 1528 medelam

5 1567 8 1605 2
61 1548 228 1602 capiens
261 1548 313 1588 ad
344 1548 477 1588 instar
508 1547 713 1588 asinariae
745 1546 978 1600 Pasiphaae
1012 1546 1257 1600 complexus
1283 1560 1399 1586 meos

2 1606 8 1651 J<
63 1607 256 1648 ardenter
287 1607 512 1661 expetebat.
545 1606 694 1661 grandi
721 1606 899 1660 denique
930 1605 1118 1660 praemio
1146 1620 1240 1646 cum
1268 1605 1400 1646 altore

2 1671 9 1707 ζ
63 1680 156 1707 11160
190 1666 362 1719 depecta
392 1668 456 1706 est
487 1665 623 1706 noctis
660 1665 786 1706 unius
819 1664 1101 1706 concubitum.
1150 1667 1193 1704 at
1224 1663 1295 1709 ille
1332 1679 1401 1704 ne-

8 1754 9 1777 }
62 1739 273 1779 quaquam
298 1725 500 1783 <curans>
521 1738 645 1778 quam
672 1726 816 1778 posset
843 1724 892 1764 de
917 1738 984 1764 me
1011 1737 1140 1764 suaue
1166 1723 1402 1777 prouenire,

4 1795 5 1834 3
63 1783 182 1825 lucro
215 1798 291 1825 suo
323 1786 488 1824 tantum
519 1784 721 1836 intentus,
754 1783 910 1823 adnuit.

161 1926 202 1957 17
230 1933 351 1957 sorsus
377 1922 459 1967 qu¹
532 1927 575 1957 “24
602 1909 753 1967 ciipiens
780 1936 806 1966 φ
831 1923 835 1926 ”
880 1921 1081 1968 epasiphag,¹
1110 1924 1143 1966 (e
1168 1933 1222 1966 pr.
1249 1921 1400 1956 induxit

6 1969 7 2019 j
65 1971 168 2015 mr.)
195 1969 389 2015 epasiphes
415 1983 443 2014 φ
470 1970 500 2014 (8
519 1971 560 2004 in
578 1970 648 2013 fine
667 1980 732 2004 scr.
752 1981 796 2003 m.
817 1971 860 2013 r.)
935 1973 979 2003 ‘25
1006 1968 1206 2013 expetebat
1231 1968 1401 2003 Beroald.

6 2027 12 2070 ,ᾗ
66 2017 290 2062 expectabat
326 2018 404 2052 cdd.
532 2020 575 2050 26
616 2016 770 2061 depecta
807 2016 834 2050 F
885 2017 1068 2061 depacata
1106 2029 1133 2060 φ
1184 2015 1343 2060 depacta
1381 2016 1403 2048 ὃ

6 2065 12 2091 ὶ
69 2067 124 2098 26.
140 2068 182 2097 27
208 2064 501 2111 ne<qua>quam
527 2063 714 2110 (curans)
734 2074 845 2107 quam
869 2065 996 2108 posset
1021 2064 1152 2108 scripsi
1172 2063 1270 2097 Mus.
1287 2062 1401 2096 Rhea.

66 2133 176 2168 XLII.
203 2138 270 2169 314
295 2136 340 2179 cf.
366 2135 456 2170 Luc.
484 2135 588 2169 Asin.
616 2138 682 2168 618
717 2119 913 2178 116011561ηὲ,
938 2136 1063 2179 posset
1088 2133 1134 2168 F1
1169 2143 1404 2176 nequaquam

8 2185 9 2202 ³
67 2193 102 2226 p.
131 2194 157 2225 φ
202 2193 314 2217 suaue
346 2183 388 2217 in
418 2196 445 2227 φ
478 2183 518 2216 in
548 2194 614 2227 my*
641 2182 724 2217 add.
768 2192 1003 2225 nequaquam
1035 2180 1132 2228 (ut)
1164 2181 1290 2225 posset
1323 2190 1404 2214 cum

70 2227 219 2273 Spenyel
243 2229 283 2263 E.
327 2240 563 2273 nequaquam
589 2228 777 2275 <curans>
802 2231 975 2272 possetne
1005 2229 1095 2263 Oud.
1126 2229 1164 2261 in
1189 2227 1273 2261 adn.
1300 2230 1338 2260 at
1364 2227 1404 2259 in

69 2279 236 2310 contextu
259 2275 324 2311 ille
349 2287 509 2320 nequam
533 2277 575 2309 ut
598 2276 740 2320 posset3
772 2286 1008 2320 nequaquam
1041 2274 1240 2316 sollicitus,
1274 2272 1304 2306 si
1330 2283 1402 2316 quo

10 2330 16 2379 ἐκ
71 2322 179 2357 modo
204 2321 271 2356 illa
288 2325 413 2367 posset
431 2323 502 2358 Lu.
528 2333 699 2366 nequam,
725 2333 799 2366 qua
817 2325 944 2366 posset
964 2323 1095 2367 Haupt
1168 2324 1211 2355 28
1237 2320 1401 2354 intentus
