1591 2556
132 105 217 146 258
710 104 838 138 LIBRI
863 103 913 138 XI

132 200 354 254 chlamyde
388 200 576 254 crepides
603 202 646 241 et
670 215 792 241 uena·
827 199 1078 254 [p.210.E.]
1106 199 1206 241 bula
1230 203 1476 242 uenatorem

131 261 337 313 fecerant,
378 259 485 300 alius
527 259 660 300 soccis
701 259 916 300 obauratis
954 259 1151 300 inductus
1189 259 1322 301 serica
1357 262 1477 301 ueste

133 319 375 372 mundoque
412 318 599 372 pretioso
638 320 680 359 et
711 318 894 359 adtextis
932 318 1060 371 capiti
1092 317 1278 359 crinibus
1311 319 1477 359 incessu

132 378 295 432 perfluo
314 377 515 418 feminam
543 377 836 418 mentiebatur.
887 391 1014 431 porro
1040 376 1170 417 alium
1196 377 1330 418 ocreis
1355 380 1476 418 scuto

134 437 255 492 galea
279 436 475 490 ferroque
501 436 711 490 insignem
735 452 755 477 e
781 436 881 477 ludo
907 438 1078 490 putares
1105 435 1358 490 gladiatorio
1383 450 1476 490 pro—

133 496 289 537 cedere.
343 510 419 536 nec
451 494 521 536 ille
554 495 696 536 deerat
728 496 802 550 qui
832 495 1131 550 magistratum
1162 495 1349 536 fascibus
1380 509 1477 549 pur-

131 569 321 609 puraque
352 554 517 595 luderet
547 569 625 595 nec
658 555 730 608 qui
760 554 890 608 pallio
922 554 1156 608 baculoque
1189 557 1230 595 et
1260 554 1405 595 baxeis
1435 556 1478 595 et

131 614 295 654 hircino
328 613 511 654 barbitio
543 612 846 667 philosophum
878 614 1058 668 fingeret
1088 628 1165 654 nec
1197 613 1270 667 qui
1297 613 1477 654 diuersis

131 671 441 713 harundinibus
474 671 580 713 alter
618 687 821 726 aucupem
854 688 949 714 cum
981 673 1117 725 uisco,
1155 672 1262 714 alter
1298 672 1477 726 piscato-

132 747 221 773 rem
254 746 350 773 cum
386 730 524 772 hamis
563 731 821 773 inducerent.
883 732 971 772 uidi
1009 734 1051 772 et
1081 746 1225 772 ursam
1256 745 1475 772 mansuem

132 791 247 832 cultu
290 790 534 844 matronali,
580 791 738 844 Quae>
775 790 878 832 sella
922 790 1173 844 uehebatur,
1221 793 1263 831 et
1308 790 1476 830 simiam

130 850 259 904 pilleo
305 849 444 890 textili
496 849 759 903 crocotisque
803 849 1004 905 Phrygiis
1049 849 1249 890 Catamiti
1291 849 1477 903 pastoris

132 909 269 963 specie
308 923 482 949 aureum
523 911 760 963 gestantem
802 909 1001 963 poculum
1043 911 1086 950 et
1127 909 1292 949 asinum
1333 908 1476 962 pinnis

131 968 409 1022 adglutinatis
430 967 772 1008 adambulantem
799 968 965 1008 cuidam
992 968 1083 1009 seni
1109 967 1249 1021 debili,
1280 969 1329 1007 ut
1354 966 1476 1008 illum

132 1027 302 1081 quidem
333 1026 718 1080 Bellerophontem,
749 1026 863 1067 hunc
895 1029 1035 1068 autem
1068 1026 1227 1067 diceres
1253 1025 1477 1081 Pegasum,

131 1089 273 1127 tamen
306 1085 463 1126 rideres
496 1088 737 1139 utrumque.

219 1142 359 1185 VIIII.
392 1142 509 1185 Inter
539 1143 615 1184 has
649 1144 951 1185 oblectationes
983 1144 1167 1185 ludicras
1193 1143 1477 1198 popularium,

131 1219 238 1258 quae
270 1203 429 1257 passim
461 1203 744 1258 uagabantur,
782 1203 866 1244 iam
899 1203 1180 1257 sospitatricis
1219 1203 1319 1244 deae
1355 1216 1478 1256 pecu-

129 1263 248 1304 liaris
279 1276 436 1329 pompa
465 1262 730 1303 moliebatui.
780 1263 978 1303 mulieres
1005 1262 1180 1303 candido
1208 1261 1477 1316 splendentes

132 1321 389 1375 amicimine,
426 1321 544 1362 uario
576 1321 782 1362 laetantes
817 1322 1072 1388 gestamine,
1110 1335 1240 1362 uerno
1278 1321 1475 1361 florentes

130 1381 418 1434 coronamine,
460 1395 566 1434 quae
605 1380 654 1422 de
693 1381 853 1435 gremio
892 1396 967 1435 per
1003 1381 1115 1422 uiam
1149 1395 1232 1434 qua
1269 1394 1386 1420 sacer
1416 1379 1476 1420 in-

131 1440 304 1481 cedebat
324 1439 551 1481 comitatus
573 1439 711 1480 solum
738 1440 983 1481 sternebant
1007 1439 1211 1493 flosculis,
1244 1438 1349 1479 aliae
1373 1452 1477 1491 quae

129 1499 366 1540 nitentibus
398 1498 581 1552 speculis
611 1513 721 1552 pone
754 1502 922 1554 tergum
954 1499 1134 1540 reuersis
1160 1497 1350 1539 uenienti
1375 1497 1475 1538 deae

132 1558 307 1599 obuium
348 1560 731 1598 commonstrarent
768 1558 1017 1612 obsequium
1059 1560 1100 1598 et
1141 1571 1247 1611 quae
1287 1556 1476 1610 pectines

131 1617 314 1658 eburnos
346 1616 528 1657 ferentes
560 1619 684 1671 gestu
716 1617 985 1658 brachiorum
1018 1617 1213 1670 flexuque
1244 1615 1475 1670 digitorum

132 1679 329 1717 ornatum
374 1678 500 1729 atque
542 1675 753 1729 obpexum
792 1676 971 1717 crinium
1009 1675 1216 1730 regalium
1253 1675 1475 1729 fingerent,

130 1735 227 1776 illae
260 1735 387 1776 etiam
427 1748 532 1788 quae
571 1735 720 1775 ceteris
759 1735 989 1790 unguentis
1021 1738 1062 1775 et
1098 1733 1254 1789 geniali
1285 1732 1474 1774 balsamo

131 1794 333 1849 guttatim
366 1808 542 1834 excusso
570 1794 907 1848 conspargebant
932 1794 1103 1847 plateas.
1154 1806 1334 1847 magnus
1358 1806 1474 1846 prae-

129 1857 245 1894 terea
285 1867 410 1893 sexus
452 1852 674 1906 utriusque
712 1868 912 1894 numerus
950 1853 1133 1894 lucernis
1171 1851 1306 1892 taedis
1344 1850 1473 1892 cereis

130 1916 172 1952 et
204 1912 285 1953 alio
320 1925 470 1966 genere
502 1911 671 1966 facium,
702 1911 861 1953 lumine
894 1912 1079 1954 siderum
1105 1910 1351 1953 caelestium
1376 1909 1470 1950 stir-

227 2032 243 2061 1
272 2026 457 2061 chlamide
484 2027 511 2061 F
599 2031 618 2060 2
646 2027 742 2062 occis
774 2028 802 2061 F
888 2027 1054 2071 inductu3
1081 2027 1144 2071 Fq>
1182 2026 1335 2060 indutus
1360 2025 1402 2059 E.
1428 2025 1474 2068 cf.

130 2112 178 2145 acl
200 2114 277 2144 184.
296 2113 336 2143 15
354 2111 397 2154 (71.
414 2110 455 2152 e.)
513 2112 532 2142 3
553 2083 669 2153 capiti
690 2109 717 2143 F
744 2109 867 2154 capite
887 2110 946 2153 φδ
1012 2114 1034 2143 4
1059 2108 1200 2154 profluo
1221 2110 1243 2143 ὃ
1316 2112 1335 2141 6
1361 2107 1475 2150 facib3

130 2158 225 2201 Ρφὸ
301 2161 344 2191 10
361 2156 580 2190 inducerent
599 2158 730 2201 scripsi
795 2157 989 2191 induceret
1008 2157 1086 2192 cdd.
1156 2159 1197 2190 11
1213 2156 1364 2202 (quae)
1380 2153 1474 2189 sella

1385 2209 1420 2228 00

129 2240 200 2274 L-u.
278 2243 319 2273 12
347 2239 592 2283 crocotiisque
619 2239 683 2282 sz
720 2239 939 2285 crocociisq³5
966 2240 988 2273 ὃ
1014 2239 1058 2282 cf.
1082 2241 1216 2272 151.20
1292 2240 1335 2271 13
1360 2247 1474 2282 pacu-

130 2286 206 2320 lum
234 2300 261 2331 φ
353 2290 396 2320 ‘32
424 2285 521 2321 aliae
548 2297 643 2330 quae
671 2286 780 2322 Sulmo
808 2286 979 2330 aliaeque
1005 2286 1083 2321 cdd.
1104 2285 1144 2319 E.
1220 2288 1265 2319 24
1292 2284 1418 2319 ouium
1444 2297 1474 2327 φ

128 2337 174 2368 30
206 2334 360 2378 facium,
393 2333 531 2368 lumine
565 2335 642 2369 cdd.
687 2333 826 2368 lumine
860 2345 938 2369 eum
970 2333 1148 2369 Vulcanio
1180 2333 1271 2368 delet
1295 2331 1335 2367 Ε.
1379 2331 1473 2367 facti

1497 751 1532 776 10

1496 1045 1531 1071 15

1495 1331 1589 1365 20¹

1494 1633 1530 1659 25

1492 1928 1583 1962 3οἸ
