1591 2556
526 56 627 91 CAP.
652 56 955 90 XXJm—XXVi
994 65 996 68 ’
1324 55 1407 96 183

72 167 167 194 cum
201 168 277 194 suo
315 152 464 193 Adone
496 151 641 194 Venus
680 152 850 194 domina
888 166 1057 193 caecum
1098 151 1295 205 reddant,
1335 152 1408 205 qui

72 211 317 253 scurrilibus
355 212 437 252 iam
477 211 634 252 dudum
673 214 819 252 contra
856 226 923 252 me
960 210 1151 251 uelitaris
1190 210 1304 251 iocis.
1356 225 1408 251 an

71 285 138 311 me
163 273 295 324 putas,
320 271 473 324 inepte,
504 271 692 312 iumento
719 270 808 311 fero
835 284 959 324 posse
986 269 1106 310 deam
1133 269 1408 323 committere,

72 332 120 370 ut
150 329 364 370 turbatum
396 332 567 383 repente
600 329 791 370 diuinum
825 329 976 370 deiciat
1008 327 1282 369 simulacrum
1313 342 1406 383 ego-

36 406 52 431 5
74 402 154 442 que
193 389 317 429 miser
359 402 486 443 cogar
524 388 710 429 crinibus
749 388 900 429 solutis
946 387 1178 429 discurrere
1224 389 1264 427 et
1309 387 1408 428 deae

72 461 188 488 meae
218 446 334 488 humi
366 447 519 488 iacenti
551 447 734 501 aliquem
767 447 976 488 medicum
1010 445 1253 501 quaerere‘?'

158 504 340 560 Accepto
373 506 449 547 tali
482 521 672 547 sermone
706 506 946 561 cogitabam
979 506 1121 546 subito
1153 504 1272 545 uelut
1303 504 1408 558 lym-

70 564 263 618 phaticus
294 565 452 619 exilire,
484 568 532 607 ut
562 580 629 606 me
654 565 875 606 ferocitate
907 580 1081 606 cernens
1114 567 1407 618 exasperatum

71 624 323 678 emptionem
363 625 581 666 desineret.
639 624 711 665 sed
742 624 962 678 praeuenit
995 624 1229 678 cogitatum
1267 638 1407 664 meum

17 701 51 725 10
71 685 237 737 emptor
281 684 426 724 anxius
469 684 605 738 pretio
651 683 832 738 depenso
877 683 1040 737 statim,
1085 682 1198 736 quod
1240 682 1408 736 quidem

71 742 257 796 gaudens
297 743 491 784 dominus
533 742 696 784 scilicet
736 743 874 784 taedio
918 742 1002 783 mei
1044 741 1167 782 facile
1212 742 1409 796 suscepit,

70 801 364 855 septemdecim
409 802 645 855 denarium,
690 804 732 842 et
775 802 872 843 ilico
916 816 982 842 me
1028 800 1203 842 tumicla
1242 803 1408 854 spartea

71 859 302 914 deligatum
336 861 512 901 tradidit
548 860 738 902 Philebo.
793 860 874 902 hoc
913 860 1025 901 enim
1062 860 1232 900 nomine
1271 874 1408 901 cense-

69 919 195 960 batur
232 920 315 960 iam
350 934 468 961 meus
508 920 715 961 dominus.
777 918 932 960 XXV]
975 922 1018 960 at
1056 918 1126 960 ille
1165 922 1407 972 susceptum

16 994 50 1019 15
69 978 285 1019 nouicium
310 979 514 1020 famulum
540 978 735 1020 trahebat
762 979 813 1020 ad
837 979 1010 1020 domum
1036 978 1265 1032 statimque
1292 977 1408 1018 illinc

70 1037 119 1078 de
144 1037 282 1091 primo
314 1037 457 1079 limine
483 1038 718 1092 proclamat
744 1038 935 1092 ‘puellae‚
968 1052 1138 1078 seruum
1164 1037 1287 1078 uobis
1319 1037 1409 1091 pul-

69 1095 251 1137 chellum
291 1111 341 1137 en
376 1112 469 1138 ecce
507 1100 692 1138 mercata
728 1097 934 1151 perduxi.²
992 1097 1065 1137 sed
1105 1096 1202 1137 illae
1244 1096 1409 1150 puellae

68 1154 222 1196 chorus
243 1158 332 1196 erat
353 1156 630 1210 cinaedorum,
652 1171 759 1211 quae
780 1156 926 1197 statim
947 1155 1134 1197 exultari·
1157 1155 1214 1209 [p
1231 1155 1324 1196 151.
1339 1155 1408 1209 E]

68 1216 132 1255 tes
163 1214 207 1254 in
245 1214 461 1269 gaudium,
493 1216 651 1257 fractae
682 1230 808 1256 rauca
841 1218 882 1256 et
915 1215 1155 1256 effeminata
1193 1229 1296 1256 uoce
1329 1214 1408 1255 cla—

15 1290 50 1314 20
68 1287 206 1314 mores
245 1274 423 1314 absonos
461 1274 684 1328 intollunt‚
716 1274 797 1315 rati
829 1274 992 1315 scilicet
1029 1288 1127 1315 uere
1167 1274 1408 1328 quempiam

67 1332 283 1373 hominem
316 1333 530 1374 seruulum
561 1334 799 1374 ministerio
833 1348 908 1374 suo
942 1336 1148 1387 paratum.
1192 1333 1265 1374 sed
1296 1335 1408 1386 post-

68 1405 195 1445 quam
226 1406 311 1432 non
337 1401 502 1433 vceruam
533 1407 610 1446 pro
636 1393 803 1447 uirgine
830 1392 903 1433 sed
935 1392 1101 1433 asinum
1133 1407 1210 1446 pro
1236 1392 1408 1433 homine

67 1450 363 1491 succidaneum
414 1451 572 1505 uidere,
616 1467 715 1493 nare
767 1452 932 1492 detorta
981 1452 1235 1506 magistrum
1286 1466 1409 1492 suum

67 1509 182 1550 uarie
215 1509 476 1551 cauillantur.
515 1525 599 1551 non
626 1511 738 1552 enim
765 1525 935 1552 seruum
962 1510 1035 1551 sed
1060 1510 1261 1551 maritum
1288 1510 1409 1551 illuni

14 1584 48 1610 25
68 1568 230 1609 scilicet
261 1569 342 1609 sibi
374 1569 628 1623 perduxisse.
672 1573 713 1611 et
746 1570 882 1611 ‘heus'
908 1569 1028 1610 aiunt
1060 1570 1176 1610 ‘caue
1209 1585 1260 1611 ne
1293 1569 1409 1610 solus

67 1627 219 1668 exedas
250 1630 337 1668 tam
369 1628 526 1669 bellum
553 1628 715 1670 scilicet
745 1628 957 1683 pullulum
984 1629 1058 1669 sed
1083 1629 1207 1670 nobis
1241 1643 1409 1683 quoque

68 1686 154 1727 tuis
186 1685 444 1740 palumbulis
476 1702 559 1728 non
589 1703 807 1742 nunquam
838 1688 1070 1742 inpertias.’

153 1744 270 1786 Haec
295 1748 337 1786 et
362 1745 489 1787 huius
515 1747 628 1787 modi
654 1750 803 1788 mutuo
823 1747 1081 1788 blaterantes
1102 1747 1321 1801 praesepio
1343 1762 1409 1788 me

66 1804 307 1858 proximum
323 1804 520 1860 deligant.
540 1809 628 1847 erat
640 1806 811 1860 quidam
825 1806 991 1847 iuuenis
1006 1806 1110 1847 satis
1125 1805 1412 1860 corpulentus,

13 1878 48 1904 30
67 1863 266 1912 choraula
292 1863 572 1918 doctissimus,
594 1865 817 1906 conlaticia
846 1865 955 1919 stipe
980 1865 1029 1906 de
1055 1879 1200 1906 mensa
1226 1868 1411 1919 paratus,

163 1983 179 2013 1
208 1990 274 2013 suo
301 1990 384 2013 cum
410 1993 437 2023 φ
517 1980 677 2014 reddunt
701 1980 767 2023 qu
856 1984 886 2015 7.
903 1985 922 2015 8
949 1971 1135 2025 liphacin
1161 1981 1189 2015 F
1278 1986 1319 2015 12
1350 1981 1409 2016 de-

67 2025 214 2060 narium
232 2026 296 2070 an
324 2029 361 2070 (u
380 2028 418 2061 iv
440 2026 467 2060 F
488 2039 532 2061 m.
547 2039 575 2062 ¹r.
590 2039 655 2062 scr.
670 2029 710 2062 in
725 2030 811 2072 ras.)
831 2030 876 2072 cf.
892 2029 941 2063 ad
962 2032 1072 2063 15.30
1140 2028 1296 2063 tumicla
1316 2030 1409 2064 Scal.

66 2072 235 2108 tumida*
260 2075 290 2118 (t
314 2075 355 2108 in
373 2086 444 2109 ras.
459 2086 503 2108 m.
518 2076 561 2119 r.)
594 2074 773 2109 stumidas
798 2078 930 2120 partea
956 2089 984 2120 φ
1068 2079 1110 2109 17
1136 2078 1301 2110 mercata
1327 2076 1409 2119 F¹cp

66 2121 217 2163 mercat3
243 2120 319 2155 F2a
344 2123 388 2165 cf.
404 2121 493 2156 Luc.
509 2122 614 2156 Asin.
629 2125 696 2156 604
734 2133 817 2157 ecce
844 2133 863 2157 e
888 2124 1055 2158 mercatu
1082 2123 1157 2158 Pet.
1246 2127 1287 2157 18
1315 2134 1409 2166 quae

67 2165 130 2210 an
163 2167 226 2210 qui
246 2169 267 2202 δ
342 2172 384 2202 19
410 2168 552 2203 fractae
571 2179 683 2203 rauca
702 2169 772 2204 Lu.
783 2182 822 2214 p.
836 2173 905 2204 489
937 2170 1055 2217 fracte
1075 2181 1212 2205 *rauca
1233 2170 1260 2203 F
1294 2169 1409 2204 fracte

68 2247 204 2271 arauca
228 2252 256 2282 φ
283 2241 320 2281 (a
345 2243 429 2274 ame
454 2251 471 2272 r
497 2240 579 2274 add.
607 2251 650 2274 m.
670 2242 714 2284 r.)
800 2244 843 2274 29
874 2226 1010 2289 gximii
1035 2240 1062 2274 F
1073 2254 1099 2284 φ
1138 2240 1305 2284 proximo
1333 2241 1409 2276 δΕ.

68 2287 112 2317 30
137 2283 314 2319 choraula
340 2285 576 2320 doctissimus
603 2288 685 2321 add.
713 2287 790 2322 cdd.
817 2299 882 2322 om.
909 2288 949 2322 Ε.
