1591 2556
142 83 227 124 266
710 84 840 118 LIBRI
865 84 915 118 XI

140 179 363 234 desperata
400 180 489 234 ipse
525 180 652 221 etiam
690 181 796 222 facie
834 183 1046 222 recreatus
1086 181 1321 223 oblationes
1359 181 1484 224 hone-

140 241 229 279 stas
261 239 384 293 aequi
416 240 600 293 bonique
630 240 758 293 facio,
798 240 954 294 quippe
990 255 1085 281 cum
1117 240 1223 281 mihi
1254 240 1483 283 familiares

141 298 255 351 quod
292 298 345 339 ad
381 298 543 339 cultum
582 301 882 353 sumptumque
923 299 1099 354 largiter
1136 302 1380 354 suppeteret
1418 300 1484 342 de-

138 356 248 397 ferre
280 358 504 411 prospicue
537 360 764 398 curassent.
1584 332 1591 394 l

228 415 408 457 XVIIII.
441 416 610 457 Adfatis
643 417 785 471 itaque
819 432 869 457 ex
902 416 1042 458 officio
1075 417 1255 472 singulis
1284 417 1482 459 narratis-
1520 435 1536 460 5

139 489 220 528 que
252 475 357 516 meis
381 489 555 528 propere
586 478 628 516 et
658 476 852 529 pristinis
885 476 1097 516 aerumnis
1123 479 1166 517 et
1189 476 1482 530 praesentibus

139 534 305 588 gaudiis
338 549 404 575 me
443 549 610 575 rursum
649 535 700 575 ad
739 535 837 575 deae
876 535 1166 588 gratissimum
1204 535 1310 576 mihi
1347 535 1482 577 refero

138 596 412 646 conspectum
428 593 685 648 aedibusque
706 594 924 635 conductis
944 594 1057 634 intra
1070 597 1319 648 conseptum
1333 595 1483 649 templi

136 651 268 692 larem
301 652 605 706 temporarium
638 652 743 693 mihi
772 653 985 694 constituo
1013 653 1112 694 deae
1140 653 1387 694 ministeriis
1414 653 1482 694 ad·

137 709 221 751 huc
252 711 433 764 priuatis
466 712 684 765 adpositus
717 712 1090 766 contuberniisque
1122 712 1388 753 sacerdotum
1421 713 1480 754 in·
1502 729 1536 754 ιο

137 769 336 811 diuiduus
379 773 420 811 et
460 771 645 811 numinis
688 771 830 825 magni
869 771 1006 812 cultor
1050 771 1354 825 inseparabilis.
1405 786 1481 813 nec

136 828 219 869 fuit
258 844 343 870 nox
386 845 470 870 una
510 830 578 870 uel
620 830 738 884 quies
777 830 919 883 aliqua
955 830 1051 870 uisu
1091 830 1190 871 deae
1231 831 1481 885 monituque

135 888 276 928 ieiuna
308 889 380 929 sed
413 889 570 930 crebris
602 889 791 942 imperiis
824 889 954 930 sacris
986 890 1075 930 suis
1106 904 1173 930 me
1206 889 1289 930 iam
1322 889 1481 930 dudum

136 947 395 988 destinatum
421 963 532 988 nunc
559 948 707 988 saltem
735 948 933 989 censebat
957 948 1129 989 initiari.
1181 951 1224 989 at
1250 962 1327 1003 ego
1352 963 1480 1002 quan-

136 1020 261 1059 quam
294 1007 481 1060 cupienti
514 1006 734 1047 uoluntate
766 1007 981 1060 praeditus
1007 1010 1148 1048 tamen
1174 1007 1374 1062 religiosa
1398 1008 1479 1048 for·
1501 1022 1534 1048 15
1587 1037 1591 1064 ,ἶ

134 1065 292 1105 midine
334 1066 596 1119 retardabar,
640 1065 753 1119 quod
793 1066 905 1106 enim
947 1066 1091 1106 sedulo
1132 1069 1479 1120 percontaueram
1590 1069 1591 1083 ³

135 1123 308 1164 difficile
345 1124 564 1179 religionis
604 1124 855 1178 obsequium
893 1127 936 1165 et
973 1124 1320 1166 castimoniorum
1353 1126 1479 1166 absti-

133 1183 320 1223 nentiam
366 1184 469 1224 satis
514 1184 687 1224 arduam
735 1186 943 1237 cautoque
985 1184 1292 1238 circumspectu
1332 1185 1479 1239 uitam,

134 1256 240 1295 quae
273 1242 419 1283 multis
459 1243 625 1284 casibus
664 1243 871 1297 subiacet,
910 1258 1000 1284 esse
1031 1243 1314 1284 muniendam.
1375 1243 1478 1285 haec
1590 1285 1591 1301 ἢ

132 1301 363 1342 identidem
389 1316 553 1343 mecum
580 1304 781 1355 reputans
807 1302 948 1343 nescio
976 1317 1059 1356 quo
1085 1302 1210 1343 modo
1235 1317 1477 1357 quanquam
1496 1319 1532 1343 20
1587 1338 1591 1348 ,,

131 1360 339 1401 festinans
372 1361 627 1402 differebam.
1590 1366 1591 1370 ’

219 1419 311 1460 ΧΧ.
348 1419 486 1461 Nocte
519 1420 699 1474 quadam
737 1420 910 1473 plenum
949 1420 1157 1474 gremium
1197 1435 1321 1461 suum
1357 1421 1476 1462 uisus

132 1480 198 1518 est
228 1478 335 1519 mihi
367 1493 477 1519 sum-
511 1478 763 1533 [p.217.E.]
796 1494 890 1520 mus
929 1479 1122 1520 sacerdos
1155 1480 1304 1520 offerre
1337 1494 1384 1520 ac
1415 1494 1476 1520 re-

132 1537 316 1590 quirenti
362 1538 464 1591 quid
507 1539 654 1592 utique
700 1538 831 1592 istud,
875 1538 1141 1592 respondisse
1194 1541 1335 1592 partes
1379 1538 1474 1580 illas

131 1596 180 1636 de
213 1595 433 1637 Thessalia
470 1597 575 1637 mihi
613 1597 782 1650 missas,
821 1612 993 1638 seruum
1031 1598 1158 1638 etiam
1196 1612 1338 1638 meum
1369 1598 1474 1638 indi·
1494 1613 1527 1639 25
1578 1588 1591 1662 l!

131 1654 224 1695 dem
257 1656 552 1709 superuenisse
578 1656 748 1697 nomine
775 1655 1021 1697 Candidum.
1070 1656 1179 1697 hanc
1205 1659 1473 1711 experrectus
1580 1654 1591 1714 4³¹

128 1713 358 1768 imaginem
391 1715 462 1755 diu
495 1715 651 1769 diuque
683 1715 795 1769 apud
827 1715 1107 1770 cogitationes
1139 1730 1253 1757 meas
1284 1715 1473 1757 reuolue-

126 1855 258 1899 scrz'psi
302 1854 475 1888 diurnum
501 1855 748 1898 reducemque
776 1855 823 1889 ab
850 1854 979 1889 inferis
1007 1856 1084 1890 cdd.
1131 1855 1179 1889 ad
1205 1865 1263 1889 me
1289 1854 1470 1889 festinant

127 1900 233 1944 ilico,
278 1901 491 1935 rediuiuum
526 1902 772 1945 reducemque
811 1902 858 1936 ab
897 1901 1026 1936 inferis
1070 1903 1309 1947 conspectum
1346 1902 1470 1937 Rohde

129 1952 148 1982 2
180 1947 385 1982 familiares
412 1954 621 1993 corruptmn
640 1950 788 1984 uidetur
807 1950 851 1993 cf.
870 1953 1063 1993 1126526
1119 1953 1139 1983 3
1166 1949 1265 1994 quod
1291 1949 1341 1983 ad
1366 1949 1468 1984 Stcw.

127 2005 200 2038 quo
233 1995 281 2028 ad
313 1995 340 2029 F
385 1996 623 2030 coadcultum
655 2010 682 2039 φ
766 1998 980 2041 suppeteret
1012 1997 1115 2032 Stew.
1161 1996 1393 2031 succerderet
1423 1996 1470 2030 F1

126 2044 158 2087 (r
183 2053 286 2077 erasa
299 2045 362 2085 est)
384 2043 598 2078 succederet
617 2043 765 2088 F2cp6g
833 2048 863 2078 3.
880 2047 902 2077 4
922 2043 1064 2078 deferre
1078 2044 1122 2087 cf.
1139 2047 1270 2078 221.27
1335 2047 1354 2077 6
1375 2042 1467 2078 meis

125 2100 281 2134 propere
307 2091 345 2124 et
363 2090 478 2124 Kron.
505 2090 597 2124 meis
622 2091 687 2137 di&
706 2091 770 2134 sz
801 2091 916 2135 probe
942 2090 1034 2125 meis
1061 2092 1098 2125 et
1124 2090 1163 2126 E.
1238 2093 1258 2123 9
1284 2090 1376 2124 mihi
1402 2090 1467 2134 an

124 2136 211 2171 inde
238 2138 262 2171 ὃ
359 2141 399 2171 11
427 2137 689 2182 inseparabilis
716 2139 794 2173 cdd.
833 2137 1072 2183 insperabilis
1098 2137 1139 2172 E.
1239 2142 1280 2171 12
1307 2137 1412 2181 quies
1438 2137 1467 2171 F

128 2192 217 2253 q(lliles
244 2227 273 2261 φ
300 2220 346 2262 cf.
373 2223 452 2254 221.
476 2223 515 2254 11
599 2224 641 2254 13
668 2220 779 2255 eiuna
805 2221 832 2254 F
869 2220 1003 2255 eissuna
1030 2234 1057 2264 φ
1139 2223 1181 2254 16
1207 2219 1360 2254 retabar
1384 2219 1466 2264 Fltp

124 2266 314 2301 renitebar
334 2268 357 2301 δ
430 2271 474 2301 24
499 2266 628 2311 utique
648 2269 694 2311 cf.
712 2272 788 2302 168.
802 2271 844 2301 32
920 2271 964 2302 25
991 2278 1118 2303 seruus
1138 2278 1240 2301 meus
1261 2267 1307 2300 Ε1
1339 2277 1466 2301 seruus

125 2313 239 2348 etiam
265 2313 357 2348 mihi
384 2327 411 2358 φ
