<?xml version="1.0" encoding="UTF-8"?>
<!DOCTYPE html PUBLIC "-//W3C//DTD XHTML 1.0 Transitional//EN"
    "http://www.w3.org/TR/xhtml1/DTD/xhtml1-transitional.dtd">
<html xmlns="http://www.w3.org/1999/xhtml" xml:lang="en" lang="en">
 <head>
  <title>
</title>
<meta http-equiv="Content-Type" content="text/html;charset=utf-8" />
  <meta name='ocr-system' content='tesseract 3.04.00' />
  <meta name='ocr-capabilities' content='ocr_page ocr_carea ocr_par ocr_line ocrx_word'/>
</head>
<body>
  <div class='ocr_page' id='page_1' title='image "./metamorphoseonli00apuluoft/metamorphoseonli00apuluoft_0223.png"; bbox 0 0 1591 2556; ppageno 0'>
   <div class='ocr_carea' id='block_1_1' title="bbox 494 66 1391 108">
    <p class='ocr_par' dir='ltr' id='par_1_1' title="bbox 494 66 1391 108">
     <span class='ocr_line' id='line_1_1' title="bbox 494 66 1391 108; baseline -0.002 -6"><span class='ocrx_word' id='word_1_1' title='bbox 494 66 594 102; x_wconf 88' lang='lat' dir='ltr'>CAP.</span> <span class='ocrx_word' id='word_1_2' title='bbox 622 66 948 101; x_wconf 86' lang='lat' dir='ltr'>XXVIII—XXXI</span> <span class='ocrx_word' id='word_1_3' title='bbox 1310 68 1330 108; x_wconf 84' lang='lat'>1</span> <span class='ocrx_word' id='word_1_4' title='bbox 1337 67 1361 108; x_wconf 85' lang='lat'>8</span> <span class='ocrx_word' id='word_1_5' title='bbox 1368 68 1391 108; x_wconf 79' lang='grc' dir='ltr'>’ἶ</span> 
     </span>
    </p>
   </div>
   <div class='ocr_carea' id='block_1_2' title="bbox 0 162 1393 2047">
    <p class='ocr_par' dir='ltr' id='par_1_2' title="bbox 0 162 1393 1397">
     <span class='ocr_line' id='line_1_2' title="bbox 46 162 1392 205; baseline 0.001 -2"><span class='ocrx_word' id='word_1_6' title='bbox 46 162 227 204; x_wconf 86' lang='lat' dir='ltr'>mediam</span> <span class='ocrx_word' id='word_1_7' title='bbox 271 163 458 205; x_wconf 89' lang='lat' dir='ltr'>collectis</span> <span class='ocrx_word' id='word_1_8' title='bbox 510 163 706 204; x_wconf 89' lang='lat' dir='ltr'>omnibus</span> <span class='ocrx_word' id='word_1_9' title='bbox 753 163 901 204; x_wconf 86' lang='lat' dir='ltr'>furtim</span> <span class='ocrx_word' id='word_1_10' title='bbox 953 163 1127 204; x_wconf 86' lang='lat' dir='ltr'>castello</span> <span class='ocrx_word' id='word_1_11' title='bbox 1177 164 1392 205; x_wconf 74' lang='lat' dir='ltr'>iacessunt</span> 
     </span>
     <span class='ocr_line' id='line_1_3' title="bbox 46 222 1393 276; baseline 0 -13"><span class='ocrx_word' id='word_1_12' title='bbox 46 222 239 276; x_wconf 86' lang='lat' dir='ltr'>bonaque</span> <span class='ocrx_word' id='word_1_13' title='bbox 271 222 434 263; x_wconf 87' lang='lat' dir='ltr'>itineris</span> <span class='ocrx_word' id='word_1_14' title='bbox 467 225 586 276; x_wconf 90' lang='lat' dir='ltr'>parte</span> <span class='ocrx_word' id='word_1_15' title='bbox 620 225 714 263; x_wconf 88' lang='lat' dir='ltr'>ante</span> <span class='ocrx_word' id='word_1_16' title='bbox 747 222 906 263; x_wconf 85' lang='lat' dir='ltr'>iubaris</span> <span class='ocrx_word' id='word_1_17' title='bbox 939 224 1134 263; x_wconf 81' lang='lat' dir='ltr'>exortum</span> <span class='ocrx_word' id='word_1_18' title='bbox 1166 225 1393 276; x_wconf 76' lang='lat' dir='ltr'>transacta,</span> 
     </span>
     <span class='ocr_line' id='line_1_4' title="bbox 46 280 1389 334; baseline 0 -12"><span class='ocrx_word' id='word_1_19' title='bbox 46 281 130 322; x_wconf 88' lang='lat' dir='ltr'>iam</span> <span class='ocrx_word' id='word_1_20' title='bbox 169 280 235 322; x_wconf 91' lang='lat' dir='ltr'>die</span> <span class='ocrx_word' id='word_1_21' title='bbox 267 281 378 322; x_wconf 88' lang='lat' dir='ltr'>claro</span> <span class='ocrx_word' id='word_1_22' title='bbox 413 281 662 322; x_wconf 72' lang='lat' dir='ltr'>solitudines</span> <span class='ocrx_word' id='word_1_23' title='bbox 703 281 819 322; x_wconf 89' lang='lat' dir='ltr'>auias</span> <span class='ocrx_word' id='word_1_24' title='bbox 864 281 1024 334; x_wconf 76' lang='lat' dir='ltr'>nancti,</span> <span class='ocrx_word' id='word_1_25' title='bbox 1069 280 1204 321; x_wconf 88' lang='lat' dir='ltr'>multa</span> <span class='ocrx_word' id='word_1_26' title='bbox 1248 296 1389 322; x_wconf 89' lang='lat' dir='ltr'>secum</span> 
     </span>
     <span class='ocr_line' id='line_1_5' title="bbox 45 340 1390 395; baseline -0.001 -14"><span class='ocrx_word' id='word_1_27' title='bbox 45 340 163 394; x_wconf 85' lang='lat' dir='ltr'>prius</span> <span class='ocrx_word' id='word_1_28' title='bbox 192 340 407 381; x_wconf 86' lang='lat' dir='ltr'>conlocuti</span> <span class='ocrx_word' id='word_1_29' title='bbox 447 340 674 395; x_wconf 83' lang='lat' dir='ltr'>accingunt</span> <span class='ocrx_word' id='word_1_30' title='bbox 712 355 755 381; x_wconf 91' lang='lat' dir='ltr'>se</span> <span class='ocrx_word' id='word_1_31' title='bbox 788 355 881 380; x_wconf 88' lang='grc'>11160</span> <span class='ocrx_word' id='word_1_32' title='bbox 914 340 1052 380; x_wconf 88' lang='lat' dir='ltr'>funeri</span> <span class='ocrx_word' id='word_1_33' title='bbox 1085 340 1244 394; x_wconf 86' lang='lat' dir='ltr'>deaque</span> <span class='ocrx_word' id='word_1_34' title='bbox 1276 340 1390 381; x_wconf 88' lang='lat' dir='ltr'>uehi-</span> 
     </span>
     <span class='ocr_line' id='line_1_6' title="bbox 46 398 1390 453; baseline 0.001 -14"><span class='ocrx_word' id='word_1_35' title='bbox 46 398 265 440; x_wconf 82' lang='grc'>6111011160</span> <span class='ocrx_word' id='word_1_36' title='bbox 298 399 466 440; x_wconf 85' lang='lat' dir='ltr'>sublata</span> <span class='ocrx_word' id='word_1_37' title='bbox 492 402 534 440; x_wconf 88' lang='lat' dir='ltr'>et</span> <span class='ocrx_word' id='word_1_38' title='bbox 558 399 678 440; x_wconf 89' lang='lat' dir='ltr'>humi</span> <span class='ocrx_word' id='word_1_39' title='bbox 704 399 890 453; x_wconf 86' lang='lat' dir='ltr'>reposita</span> <span class='ocrx_word' id='word_1_40' title='bbox 916 413 1037 440; x_wconf 89' lang='lat' dir='ltr'>cunc·</span> <span class='ocrx_word' id='word_1_41' title='bbox 1060 399 1116 453; x_wconf 90' lang='lat' dir='ltr'>[p.</span> <span class='ocrx_word' id='word_1_42' title='bbox 1135 398 1229 439; x_wconf 83' lang='lat'>154.</span> <span class='ocrx_word' id='word_1_43' title='bbox 1245 398 1313 452; x_wconf 85' lang='lat' dir='ltr'>E]</span> <span class='ocrx_word' id='word_1_44' title='bbox 1335 399 1390 440; x_wconf 83' lang='lat' dir='ltr'>tis</span> 
     </span>
     <span class='ocr_line' id='line_1_7' title="bbox 0 458 1390 512; baseline 0 -14"><span class='ocrx_word' id='word_1_45' title='bbox 0 507 1 510; x_wconf 11' lang='grc' dir='ltr'><strong>Ἴ</strong></span> <span class='ocrx_word' id='word_1_46' title='bbox 44 458 287 499; x_wconf 86' lang='lat' dir='ltr'>stramentis</span> <span class='ocrx_word' id='word_1_47' title='bbox 320 472 386 498; x_wconf 91' lang='lat' dir='ltr'>me</span> <span class='ocrx_word' id='word_1_48' title='bbox 418 458 670 499; x_wconf 89' lang='lat' dir='ltr'>renudatum</span> <span class='ocrx_word' id='word_1_49' title='bbox 703 473 750 499; x_wconf 89' lang='lat' dir='ltr'>ac</span> <span class='ocrx_word' id='word_1_50' title='bbox 782 458 831 498; x_wconf 89' lang='lat' dir='ltr'>de</span> <span class='ocrx_word' id='word_1_51' title='bbox 858 458 1039 512; x_wconf 88' lang='lat' dir='ltr'>quadam</span> <span class='ocrx_word' id='word_1_52' title='bbox 1077 472 1233 512; x_wconf 87' lang='lat' dir='ltr'>quercu</span> <span class='ocrx_word' id='word_1_53' title='bbox 1267 458 1390 498; x_wconf 88' lang='lat' dir='ltr'>desti-</span> 
     </span>
     <span class='ocr_line' id='line_1_8' title="bbox 0 517 1391 572; baseline 0 -15"><span class='ocrx_word' id='word_1_54' title='bbox 0 519 1 546; x_wconf 78' lang='lat'>3</span> <span class='ocrx_word' id='word_1_55' title='bbox 43 519 190 558; x_wconf 89' lang='lat' dir='ltr'>natum</span> <span class='ocrx_word' id='word_1_56' title='bbox 222 517 354 572; x_wconf 82' lang='lat' dir='ltr'>flagro</span> <span class='ocrx_word' id='word_1_57' title='bbox 388 517 460 558; x_wconf 89' lang='lat' dir='ltr'>illo</span> <span class='ocrx_word' id='word_1_58' title='bbox 486 517 676 571; x_wconf 81' lang='lat' dir='ltr'>pecuinis</span> <span class='ocrx_word' id='word_1_59' title='bbox 704 517 871 559; x_wconf 86' lang='lat' dir='ltr'>ossibus</span> <span class='ocrx_word' id='word_1_60' title='bbox 898 520 1091 558; x_wconf 88' lang='lat' dir='ltr'>catenato</span> <span class='ocrx_word' id='word_1_61' title='bbox 1118 517 1391 558; x_wconf 78' lang='lat' dir='ltr'>uerberantes</span> 
     </span>
     <span class='ocr_line' id='line_1_9' title="bbox 43 576 1391 629; baseline 0 -13"><span class='ocrx_word' id='word_1_62' title='bbox 43 590 175 629; x_wconf 85' lang='lat' dir='ltr'>paene</span> <span class='ocrx_word' id='word_1_63' title='bbox 217 576 268 616; x_wconf 86' lang='lat' dir='ltr'>ad</span> <span class='ocrx_word' id='word_1_64' title='bbox 308 579 539 617; x_wconf 79' lang='lat' dir='ltr'>extremam</span> <span class='ocrx_word' id='word_1_65' title='bbox 583 576 851 618; x_wconf 87' lang='lat' dir='ltr'>confecerant</span> <span class='ocrx_word' id='word_1_66' title='bbox 895 579 1087 617; x_wconf 86' lang='lat' dir='ltr'>mortem.</span> <span class='ocrx_word' id='word_1_67' title='bbox 1158 576 1240 616; x_wconf 86' lang='lat' dir='ltr'>fuit</span> <span class='ocrx_word' id='word_1_68' title='bbox 1281 590 1391 616; x_wconf 87' lang='lat' dir='ltr'>unus</span> 
     </span>
     <span class='ocr_line' id='line_1_10' title="bbox 43 634 1390 689; baseline 0 -14"><span class='ocrx_word' id='word_1_69' title='bbox 43 634 116 688; x_wconf 85' lang='lat' dir='ltr'>qui</span> <span class='ocrx_word' id='word_1_70' title='bbox 147 634 331 689; x_wconf 83' lang='lat' dir='ltr'>poplites</span> <span class='ocrx_word' id='word_1_71' title='bbox 369 650 484 677; x_wconf 87' lang='lat' dir='ltr'>meos</span> <span class='ocrx_word' id='word_1_72' title='bbox 523 650 722 676; x_wconf 88' lang='lat' dir='ltr'>eneruare</span> <span class='ocrx_word' id='word_1_73' title='bbox 761 650 904 676; x_wconf 89' lang='lat' dir='ltr'>secure</span> <span class='ocrx_word' id='word_1_74' title='bbox 937 650 1012 676; x_wconf 86' lang='lat' dir='ltr'>sua</span> <span class='ocrx_word' id='word_1_75' title='bbox 1050 635 1390 688; x_wconf 79' lang='lat' dir='ltr'>comminaretur,</span> 
     </span>
     <span class='ocr_line' id='line_1_11' title="bbox 44 694 1390 748; baseline 0 -13"><span class='ocrx_word' id='word_1_76' title='bbox 44 694 156 748; x_wconf 88' lang='lat' dir='ltr'>quod</span> <span class='ocrx_word' id='word_1_77' title='bbox 197 694 246 735; x_wconf 87' lang='lat' dir='ltr'>de</span> <span class='ocrx_word' id='word_1_78' title='bbox 286 694 445 748; x_wconf 88' lang='lat' dir='ltr'>pudore</span> <span class='ocrx_word' id='word_1_79' title='bbox 486 694 559 735; x_wconf 84' lang='lat' dir='ltr'>illo</span> <span class='ocrx_word' id='word_1_80' title='bbox 598 694 774 735; x_wconf 85' lang='lat' dir='ltr'>candido</span> <span class='ocrx_word' id='word_1_81' title='bbox 814 694 975 735; x_wconf 88' lang='lat' dir='ltr'>scilicet</span> <span class='ocrx_word' id='word_1_82' title='bbox 1014 709 1090 735; x_wconf 87' lang='lat' dir='ltr'>suo</span> <span class='ocrx_word' id='word_1_83' title='bbox 1129 697 1216 734; x_wconf 83' lang='lat' dir='ltr'>tam</span> <span class='ocrx_word' id='word_1_84' title='bbox 1256 694 1390 735; x_wconf 87' lang='lat' dir='ltr'>defor-</span> 
     </span>
     <span class='ocr_line' id='line_1_12' title="bbox 44 752 1390 807; baseline 0 -14"><span class='ocrx_word' id='word_1_85' title='bbox 44 752 170 793; x_wconf 90' lang='lat' dir='ltr'>miter</span> <span class='ocrx_word' id='word_1_86' title='bbox 201 753 540 807; x_wconf 83' lang='lat' dir='ltr'>triumphassem.</span> <span class='ocrx_word' id='word_1_87' title='bbox 603 754 676 794; x_wconf 91' lang='lat' dir='ltr'>sed</span> <span class='ocrx_word' id='word_1_88' title='bbox 707 754 835 794; x_wconf 89' lang='lat' dir='ltr'>ceteri</span> <span class='ocrx_word' id='word_1_89' title='bbox 868 768 952 794; x_wconf 88' lang='lat' dir='ltr'>non</span> <span class='ocrx_word' id='word_1_90' title='bbox 984 768 1101 794; x_wconf 88' lang='lat' dir='ltr'>meae</span> <span class='ocrx_word' id='word_1_91' title='bbox 1134 753 1283 793; x_wconf 85' lang='lat' dir='ltr'>salutis</span> <span class='ocrx_word' id='word_1_92' title='bbox 1317 753 1390 794; x_wconf 90' lang='lat' dir='ltr'>sed</span> 
     </span>
     <span class='ocr_line' id='line_1_13' title="bbox 43 811 1390 866; baseline 0 -14"><span class='ocrx_word' id='word_1_93' title='bbox 43 811 258 853; x_wconf 78' lang='lat' dir='ltr'>simulacri</span> <span class='ocrx_word' id='word_1_94' title='bbox 290 812 465 853; x_wconf 88' lang='lat' dir='ltr'>iacentis</span> <span class='ocrx_word' id='word_1_95' title='bbox 504 812 862 866; x_wconf 85' lang='lat' dir='ltr'>contemplatione</span> <span class='ocrx_word' id='word_1_96' title='bbox 900 813 944 853; x_wconf 86' lang='lat' dir='ltr'>in</span> <span class='ocrx_word' id='word_1_97' title='bbox 982 812 1072 853; x_wconf 87' lang='lat' dir='ltr'>uita</span> <span class='ocrx_word' id='word_1_98' title='bbox 1110 827 1176 852; x_wconf 87' lang='lat' dir='ltr'>me</span> <span class='ocrx_word' id='word_1_99' title='bbox 1209 812 1390 853; x_wconf 87' lang='lat' dir='ltr'>retinen-</span> 
     </span>
     <span class='ocr_line' id='line_1_14' title="bbox 43 871 1392 925; baseline 0 -14"><span class='ocrx_word' id='word_1_100' title='bbox 43 871 142 911; x_wconf 90' lang='lat' dir='ltr'>dum</span> <span class='ocrx_word' id='word_1_101' title='bbox 184 886 391 912; x_wconf 84' lang='lat' dir='ltr'>censuere.</span> <span class='ocrx_word' id='word_1_102' title='bbox 460 886 628 912; x_wconf 88' lang='lat' dir='ltr'>rursum</span> <span class='ocrx_word' id='word_1_103' title='bbox 670 872 813 925; x_wconf 84' lang='lat' dir='ltr'>itaque</span> <span class='ocrx_word' id='word_1_104' title='bbox 862 887 928 913; x_wconf 89' lang='lat' dir='ltr'>me</span> <span class='ocrx_word' id='word_1_105' title='bbox 973 871 1176 912; x_wconf 87' lang='lat' dir='ltr'>refertum</span> <span class='ocrx_word' id='word_1_106' title='bbox 1216 871 1392 912; x_wconf 83' lang='lat' dir='ltr'>sarcinis</span> 
     </span>
     <span class='ocr_line' id='line_1_15' title="bbox 42 929 1391 985; baseline 0.001 -15"><span class='ocrx_word' id='word_1_107' title='bbox 42 929 180 984; x_wconf 90' lang='lat' dir='ltr'>planis</span> <span class='ocrx_word' id='word_1_108' title='bbox 214 930 365 985; x_wconf 79' lang='lat' dir='ltr'>gladiis</span> <span class='ocrx_word' id='word_1_109' title='bbox 403 930 612 971; x_wconf 87' lang='lat' dir='ltr'>minantes</span> <span class='ocrx_word' id='word_1_110' title='bbox 645 931 899 984; x_wconf 89' lang='lat' dir='ltr'>perueniunt</span> <span class='ocrx_word' id='word_1_111' title='bbox 937 931 989 971; x_wconf 86' lang='lat' dir='ltr'>ad</span> <span class='ocrx_word' id='word_1_112' title='bbox 1028 930 1238 984; x_wconf 84' lang='lat' dir='ltr'>quandam</span> <span class='ocrx_word' id='word_1_113' title='bbox 1273 930 1391 971; x_wconf 89' lang='lat' dir='ltr'>nobi-</span> 
     </span>
     <span class='ocr_line' id='line_1_16' title="bbox 9 988 1391 1044; baseline 0 -15"><span class='ocrx_word' id='word_1_114' title='bbox 9 1007 20 1013; x_wconf 85' lang='grc'><em>·</em></span> <span class='ocrx_word' id='word_1_115' title='bbox 42 988 126 1030; x_wconf 88' lang='grc'>16111</span> <span class='ocrx_word' id='word_1_116' title='bbox 159 989 387 1030; x_wconf 86' lang='lat' dir='ltr'>ciuitatem.</span> <span class='ocrx_word' id='word_1_117' title='bbox 438 989 543 1030; x_wconf 89' lang='lat' dir='ltr'>inibi</span> <span class='ocrx_word' id='word_1_118' title='bbox 575 989 642 1030; x_wconf 90' lang='lat' dir='ltr'>uir</span> <span class='ocrx_word' id='word_1_119' title='bbox 673 990 920 1043; x_wconf 87' lang='lat' dir='ltr'>principalis</span> <span class='ocrx_word' id='word_1_120' title='bbox 954 992 996 1030; x_wconf 91' lang='lat' dir='ltr'>et</span> <span class='ocrx_word' id='word_1_121' title='bbox 1028 989 1132 1030; x_wconf 87' lang='lat' dir='ltr'>alias</span> <span class='ocrx_word' id='word_1_122' title='bbox 1165 989 1391 1044; x_wconf 76' lang='lat' dir='ltr'>religiosus</span> 
     </span>
     <span class='ocr_line' id='line_1_17' title="bbox 22 1048 1391 1102; baseline 0.001 -15"><span class='ocrx_word' id='word_1_123' title='bbox 22 1050 84 1089; x_wconf 87' lang='lat' dir='ltr'>et</span> <span class='ocrx_word' id='word_1_124' title='bbox 116 1048 268 1089; x_wconf 78' lang='lat' dir='ltr'>eximie</span> <span class='ocrx_word' id='word_1_125' title='bbox 300 1048 419 1089; x_wconf 88' lang='lat' dir='ltr'>deam</span> <span class='ocrx_word' id='word_1_126' title='bbox 453 1063 648 1090; x_wconf 89' lang='lat' dir='ltr'>reuerens</span> <span class='ocrx_word' id='word_1_127' title='bbox 686 1049 844 1090; x_wconf 89' lang='lat' dir='ltr'>tinnitu</span> <span class='ocrx_word' id='word_1_128' title='bbox 878 1048 1170 1102; x_wconf 76' lang='lat' dir='ltr'>cymbalorum</span> <span class='ocrx_word' id='word_1_129' title='bbox 1211 1051 1253 1089; x_wconf 89' lang='lat' dir='ltr'>et</span> <span class='ocrx_word' id='word_1_130' title='bbox 1285 1063 1391 1089; x_wconf 91' lang='lat' dir='ltr'>sonu</span> 
     </span>
     <span class='ocr_line' id='line_1_18' title="bbox 42 1106 1391 1162; baseline 0 -14"><span class='ocrx_word' id='word_1_131' title='bbox 42 1109 341 1161; x_wconf 83' lang='lat' dir='ltr'>tympanorum</span> <span class='ocrx_word' id='word_1_132' title='bbox 386 1110 617 1161; x_wconf 87' lang='lat' dir='ltr'>cantusque</span> <span class='ocrx_word' id='word_1_133' title='bbox 654 1106 834 1162; x_wconf 70' lang='lat' dir='ltr'>Phrygii</span> <span class='ocrx_word' id='word_1_134' title='bbox 878 1107 1164 1148; x_wconf 88' lang='lat' dir='ltr'>mulcentibus</span> <span class='ocrx_word' id='word_1_135' title='bbox 1206 1106 1391 1148; x_wconf 83' lang='lat' dir='ltr'>modulis</span> 
     </span>
     <span class='ocr_line' id='line_1_19' title="bbox 43 1166 1389 1220; baseline 0.001 -14"><span class='ocrx_word' id='word_1_136' title='bbox 43 1166 206 1207; x_wconf 82' lang='lat' dir='ltr'>excitus</span> <span class='ocrx_word' id='word_1_137' title='bbox 249 1167 461 1220; x_wconf 84' lang='lat' dir='ltr'>procurrit</span> <span class='ocrx_word' id='word_1_138' title='bbox 505 1166 675 1207; x_wconf 87' lang='lat' dir='ltr'>obuiam</span> <span class='ocrx_word' id='word_1_139' title='bbox 720 1166 923 1220; x_wconf 79' lang='lat' dir='ltr'>deamque</span> <span class='ocrx_word' id='word_1_140' title='bbox 966 1166 1113 1207; x_wconf 92' lang='lat' dir='ltr'>uotiuo</span> <span class='ocrx_word' id='word_1_141' title='bbox 1153 1166 1389 1220; x_wconf 83' lang='lat' dir='ltr'>suscipiens</span> 
     </span>
     <span class='ocr_line' id='line_1_20' title="bbox 41 1224 1389 1279; baseline 0 -14"><span class='ocrx_word' id='word_1_142' title='bbox 41 1224 228 1279; x_wconf 86' lang='lat' dir='ltr'>hospitio</span> <span class='ocrx_word' id='word_1_143' title='bbox 269 1239 346 1266; x_wconf 89' lang='lat' dir='ltr'>nos</span> <span class='ocrx_word' id='word_1_144' title='bbox 393 1225 529 1266; x_wconf 90' lang='lat' dir='ltr'>omnis</span> <span class='ocrx_word' id='word_1_145' title='bbox 577 1225 689 1266; x_wconf 86' lang='lat' dir='ltr'>intra</span> <span class='ocrx_word' id='word_1_146' title='bbox 735 1228 983 1279; x_wconf 88' lang='lat' dir='ltr'>conseptum</span> <span class='ocrx_word' id='word_1_147' title='bbox 1025 1225 1174 1266; x_wconf 88' lang='lat' dir='ltr'>domus</span> <span class='ocrx_word' id='word_1_148' title='bbox 1221 1225 1389 1279; x_wconf 87' lang='lat' dir='ltr'>amplis-</span> 
     </span>
     <span class='ocr_line' id='line_1_21' title="bbox 43 1284 1390 1338; baseline 0 -14"><span class='ocrx_word' id='word_1_149' title='bbox 43 1284 173 1325; x_wconf 86' lang='lat' dir='ltr'>simae</span> <span class='ocrx_word' id='word_1_150' title='bbox 211 1284 434 1325; x_wconf 89' lang='lat' dir='ltr'>constituit</span> <span class='ocrx_word' id='word_1_151' title='bbox 471 1299 710 1338; x_wconf 86' lang='lat' dir='ltr'>numenque</span> <span class='ocrx_word' id='word_1_152' title='bbox 750 1299 915 1325; x_wconf 89' lang='lat' dir='ltr'>summa</span> <span class='ocrx_word' id='word_1_153' title='bbox 952 1284 1224 1325; x_wconf 87' lang='lat' dir='ltr'>ueneratione</span> <span class='ocrx_word' id='word_1_154' title='bbox 1264 1287 1390 1338; x_wconf 87' lang='lat' dir='ltr'>atque</span> 
     </span>
     <span class='ocr_line' id='line_1_22' title="bbox 42 1342 837 1397; baseline 0 -14"><span class='ocrx_word' id='word_1_155' title='bbox 42 1342 195 1384; x_wconf 86' lang='lat' dir='ltr'>hostiis</span> <span class='ocrx_word' id='word_1_156' title='bbox 228 1343 381 1397; x_wconf 82' lang='lat' dir='ltr'>opimis</span> <span class='ocrx_word' id='word_1_157' title='bbox 412 1343 578 1397; x_wconf 88' lang='lat' dir='ltr'>placare</span> <span class='ocrx_word' id='word_1_158' title='bbox 611 1343 837 1384; x_wconf 85' lang='lat' dir='ltr'>contendit.</span> 
     </span>
    </p>

    <p class='ocr_par' dir='ltr' id='par_1_3' title="bbox 8 1401 1391 1633">
     <span class='ocr_line' id='line_1_23' title="bbox 129 1401 1391 1457; baseline -0.001 -14"><span class='ocrx_word' id='word_1_159' title='bbox 129 1401 283 1442; x_wconf 90' lang='lat' dir='ltr'>XXXI.</span> <span class='ocrx_word' id='word_1_160' title='bbox 322 1401 403 1443; x_wconf 91' lang='lat' dir='ltr'>Hic</span> <span class='ocrx_word' id='word_1_161' title='bbox 430 1416 507 1457; x_wconf 82' lang='lat' dir='ltr'>ego</span> <span class='ocrx_word' id='word_1_162' title='bbox 534 1417 601 1443; x_wconf 91' lang='lat' dir='ltr'>me</span> <span class='ocrx_word' id='word_1_163' title='bbox 627 1402 898 1456; x_wconf 87' lang='lat' dir='ltr'>potissimum</span> <span class='ocrx_word' id='word_1_164' title='bbox 926 1403 1076 1456; x_wconf 83' lang='lat' dir='ltr'>capitis</span> <span class='ocrx_word' id='word_1_165' title='bbox 1102 1402 1391 1456; x_wconf 84' lang='lat' dir='ltr'>periclitatum</span> 
     </span>
     <span class='ocr_line' id='line_1_24' title="bbox 42 1461 1391 1515; baseline 0.001 -14"><span class='ocrx_word' id='word_1_166' title='bbox 42 1461 226 1502; x_wconf 88' lang='lat' dir='ltr'>memini.</span> <span class='ocrx_word' id='word_1_167' title='bbox 287 1476 385 1502; x_wconf 85' lang='lat' dir='ltr'>nam</span> <span class='ocrx_word' id='word_1_168' title='bbox 419 1461 590 1515; x_wconf 87' lang='lat' dir='ltr'>quidam</span> <span class='ocrx_word' id='word_1_169' title='bbox 629 1461 803 1502; x_wconf 90' lang='lat' dir='ltr'>colonus</span> <span class='ocrx_word' id='word_1_170' title='bbox 836 1464 998 1515; x_wconf 82' lang='lat' dir='ltr'>partem</span> <span class='ocrx_word' id='word_1_171' title='bbox 1034 1461 1293 1514; x_wconf 82' lang='lat' dir='ltr'>uenationis,</span> <span class='ocrx_word' id='word_1_172' title='bbox 1331 1461 1391 1502; x_wconf 88' lang='lat' dir='ltr'>in-</span> 
     </span>
     <span class='ocr_line' id='line_1_25' title="bbox 41 1520 1391 1575; baseline 0 -15"><span class='ocrx_word' id='word_1_173' title='bbox 41 1520 178 1561; x_wconf 88' lang='lat' dir='ltr'>manis</span> <span class='ocrx_word' id='word_1_174' title='bbox 210 1520 323 1561; x_wconf 90' lang='lat' dir='ltr'>cerui</span> <span class='ocrx_word' id='word_1_175' title='bbox 355 1520 686 1575; x_wconf 83' lang='lat' dir='ltr'>pinguissimum</span> <span class='ocrx_word' id='word_1_176' title='bbox 717 1520 866 1574; x_wconf 81' lang='lat' dir='ltr'>femus,</span> <span class='ocrx_word' id='word_1_177' title='bbox 899 1520 1069 1561; x_wconf 86' lang='lat' dir='ltr'>domino</span> <span class='ocrx_word' id='word_1_178' title='bbox 1103 1520 1167 1560; x_wconf 92' lang='lat' dir='ltr'>illi</span> <span class='ocrx_word' id='word_1_179' title='bbox 1199 1534 1275 1561; x_wconf 88' lang='lat' dir='ltr'>suo</span> <span class='ocrx_word' id='word_1_180' title='bbox 1302 1535 1391 1561; x_wconf 85' lang='lat' dir='ltr'>mu-</span> 
     </span>
     <span class='ocr_line' id='line_1_26' title="bbox 8 1579 1391 1633; baseline 0 -14"><span class='ocrx_word' id='word_1_181' title='bbox 8 1597 23 1623; x_wconf 85' lang='lat'>5</span> <span class='ocrx_word' id='word_1_182' title='bbox 43 1579 134 1620; x_wconf 90' lang='lat' dir='ltr'>neri</span> <span class='ocrx_word' id='word_1_183' title='bbox 170 1579 361 1633; x_wconf 76' lang='lat' dir='ltr'>miserat,</span> <span class='ocrx_word' id='word_1_184' title='bbox 406 1579 519 1633; x_wconf 90' lang='lat' dir='ltr'>quod</span> <span class='ocrx_word' id='word_1_185' title='bbox 556 1579 766 1620; x_wconf 87' lang='lat' dir='ltr'>incuriose</span> <span class='ocrx_word' id='word_1_186' title='bbox 804 1594 913 1633; x_wconf 91' lang='lat' dir='ltr'>pone</span> <span class='ocrx_word' id='word_1_187' title='bbox 954 1579 1118 1620; x_wconf 90' lang='lat' dir='ltr'>culinae</span> <span class='ocrx_word' id='word_1_188' title='bbox 1156 1579 1268 1620; x_wconf 88' lang='lat' dir='ltr'>fores</span> <span class='ocrx_word' id='word_1_189' title='bbox 1306 1593 1391 1620; x_wconf 89' lang='lat' dir='ltr'>non</span> 
     </span>
    </p>

    <p class='ocr_par' dir='ltr' id='par_1_4' title="bbox 0 1637 1393 2047">
     <span class='ocr_line' id='line_1_27' title="bbox 44 1637 1393 1693; baseline 0.001 -15"><span class='ocrx_word' id='word_1_190' title='bbox 44 1637 265 1679; x_wconf 85' lang='lat' dir='ltr'>altiuscule</span> <span class='ocrx_word' id='word_1_191' title='bbox 298 1653 549 1692; x_wconf 85' lang='lat' dir='ltr'>suspensum</span> <span class='ocrx_word' id='word_1_192' title='bbox 588 1639 702 1679; x_wconf 88' lang='lat' dir='ltr'>canis</span> <span class='ocrx_word' id='word_1_193' title='bbox 742 1638 926 1693; x_wconf 84' lang='lat' dir='ltr'>adaeque</span> <span class='ocrx_word' id='word_1_194' title='bbox 959 1639 1178 1679; x_wconf 85' lang='lat' dir='ltr'>uenaticus</span> <span class='ocrx_word' id='word_1_195' title='bbox 1210 1638 1393 1679; x_wconf 84' lang='lat' dir='ltr'>latenter</span> 
     </span>
     <span class='ocr_line' id='line_1_28' title="bbox 44 1697 1391 1751; baseline 0 -13"><span class='ocrx_word' id='word_1_196' title='bbox 44 1697 269 1751; x_wconf 74' lang='lat' dir='ltr'>inuaserat,</span> <span class='ocrx_word' id='word_1_197' title='bbox 300 1697 521 1751; x_wconf 85' lang='lat' dir='ltr'>laetusque</span> <span class='ocrx_word' id='word_1_198' title='bbox 546 1697 701 1751; x_wconf 85' lang='lat' dir='ltr'>praeda</span> <span class='ocrx_word' id='word_1_199' title='bbox 726 1712 904 1751; x_wconf 88' lang='lat' dir='ltr'>propere</span> <span class='ocrx_word' id='word_1_200' title='bbox 931 1697 1218 1738; x_wconf 85' lang='lat' dir='ltr'>custodientes</span> <span class='ocrx_word' id='word_1_201' title='bbox 1245 1697 1391 1738; x_wconf 90' lang='lat' dir='ltr'>oculos</span> 
     </span>
     <span class='ocr_line' id='line_1_29' title="bbox 44 1756 1390 1811; baseline 0.001 -15"><span class='ocrx_word' id='word_1_202' title='bbox 44 1758 245 1797; x_wconf 87' lang='lat' dir='ltr'>euaserat.</span> <span class='ocrx_word' id='word_1_203' title='bbox 308 1771 391 1810; x_wconf 90' lang='lat' dir='ltr'>quo</span> <span class='ocrx_word' id='word_1_204' title='bbox 431 1756 582 1797; x_wconf 88' lang='lat' dir='ltr'>damno</span> <span class='ocrx_word' id='word_1_205' title='bbox 622 1757 793 1811; x_wconf 80' lang='lat' dir='ltr'>cognito</span> <span class='ocrx_word' id='word_1_206' title='bbox 834 1771 992 1811; x_wconf 87' lang='lat' dir='ltr'>suaque</span> <span class='ocrx_word' id='word_1_207' title='bbox 1030 1756 1285 1810; x_wconf 86' lang='lat' dir='ltr'>reprehensa</span> <span class='ocrx_word' id='word_1_208' title='bbox 1321 1771 1390 1798; x_wconf 91' lang='grc'>116-</span> 
     </span>
     <span class='ocr_line' id='line_1_30' title="bbox 44 1815 1392 1870; baseline 0 -14"><span class='ocrx_word' id='word_1_209' title='bbox 44 1815 260 1870; x_wconf 79' lang='lat' dir='ltr'>glegentia</span> <span class='ocrx_word' id='word_1_210' title='bbox 298 1829 422 1856; x_wconf 91' lang='lat' dir='ltr'>cocus</span> <span class='ocrx_word' id='word_1_211' title='bbox 462 1815 533 1856; x_wconf 90' lang='lat' dir='ltr'>diu</span> <span class='ocrx_word' id='word_1_212' title='bbox 570 1815 826 1856; x_wconf 88' lang='lat' dir='ltr'>lamentatus</span> <span class='ocrx_word' id='word_1_213' title='bbox 865 1815 1051 1857; x_wconf 86' lang='lat' dir='ltr'>lacrimis</span> <span class='ocrx_word' id='word_1_214' title='bbox 1091 1815 1392 1869; x_wconf 77' lang='lat' dir='ltr'>inefficacibus,</span> 
     </span>
     <span class='ocr_line' id='line_1_31' title="bbox 0 1873 1390 1929; baseline -0.001 -13"><span class='ocrx_word' id='word_1_215' title='bbox 0 1891 26 1917; x_wconf 74' lang='grc' dir='ltr'>ιο</span> <span class='ocrx_word' id='word_1_216' title='bbox 46 1873 130 1925; x_wconf 82' lang='lat' dir='ltr'>iam</span> <span class='ocrx_word' id='word_1_217' title='bbox 161 1874 329 1928; x_wconf 89' lang='lat' dir='ltr'>iamque</span> <span class='ocrx_word' id='word_1_218' title='bbox 367 1874 537 1915; x_wconf 88' lang='lat' dir='ltr'>domino</span> <span class='ocrx_word' id='word_1_219' title='bbox 576 1889 721 1915; x_wconf 86' lang='lat' dir='ltr'>cenam</span> <span class='ocrx_word' id='word_1_220' title='bbox 760 1874 979 1929; x_wconf 81' lang='lat' dir='ltr'>flagitante</span> <span class='ocrx_word' id='word_1_221' title='bbox 1017 1889 1208 1916; x_wconf 84' lang='lat' dir='ltr'>maerens</span> <span class='ocrx_word' id='word_1_222' title='bbox 1248 1877 1289 1915; x_wconf 92' lang='lat' dir='ltr'>et</span> <span class='ocrx_word' id='word_1_223' title='bbox 1327 1877 1390 1915; x_wconf 90' lang='lat' dir='ltr'>ut-</span> 
     </span>
     <span class='ocr_line' id='line_1_32' title="bbox 45 1933 1390 1988; baseline 0.001 -15"><span class='ocrx_word' id='word_1_224' title='bbox 45 1947 208 1987; x_wconf 89' lang='lat' dir='ltr'>cunque</span> <span class='ocrx_word' id='word_1_225' title='bbox 245 1936 438 1974; x_wconf 84' lang='lat' dir='ltr'>metuens</span> <span class='ocrx_word' id='word_1_226' title='bbox 477 1933 622 1986; x_wconf 84' lang='lat' dir='ltr'>altius7</span> <span class='ocrx_word' id='word_1_227' title='bbox 665 1933 752 1974; x_wconf 90' lang='lat' dir='ltr'>filio</span> <span class='ocrx_word' id='word_1_228' title='bbox 793 1948 869 1974; x_wconf 86' lang='lat' dir='ltr'>suo</span> <span class='ocrx_word' id='word_1_229' title='bbox 907 1933 1085 1988; x_wconf 82' lang='lat' dir='ltr'>&#39;paruulo</span> <span class='ocrx_word' id='word_1_230' title='bbox 1124 1933 1390 1975; x_wconf 85' lang='lat' dir='ltr'>consalutato</span> 
     </span>
     <span class='ocr_line' id='line_1_33' title="bbox 46 1992 1390 2047; baseline 0 -15"><span class='ocrx_word' id='word_1_231' title='bbox 46 1992 303 2047; x_wconf 87' lang='lat' dir='ltr'>adreptoque</span> <span class='ocrx_word' id='word_1_232' title='bbox 335 1992 542 2045; x_wconf 84' lang='lat' dir='ltr'>funiculo,</span> <span class='ocrx_word' id='word_1_233' title='bbox 580 1994 761 2033; x_wconf 86' lang='lat' dir='ltr'>mortem</span> <span class='ocrx_word' id='word_1_234' title='bbox 794 1993 876 2033; x_wconf 90' lang='lat' dir='ltr'>sibi</span> <span class='ocrx_word' id='word_1_235' title='bbox 908 2007 1018 2034; x_wconf 77' lang='lat' dir='ltr'>nexu</span> <span class='ocrx_word' id='word_1_236' title='bbox 1050 1992 1193 2047; x_wconf 90' lang='lat' dir='ltr'>laquei</span> <span class='ocrx_word' id='word_1_237' title='bbox 1225 2007 1390 2046; x_wconf 88' lang='lat' dir='ltr'>compa-</span> 
     </span>
    </p>
   </div>
   <div class='ocr_carea' id='block_1_3' title="bbox 0 0 29 1851">
    <p class='ocr_par' dir='ltr' id='par_1_5' title="bbox 0 0 29 1851">
     <span class='ocr_line' id='line_1_34' title="bbox 0 0 29 1851; baseline 0 0"><span class='ocrx_word' id='word_1_238' title='bbox 0 0 29 1851; x_wconf 95' lang='lat' dir='ltr'> </span> 
     </span>
    </p>
   </div>
   <div class='ocr_carea' id='block_1_4' title="bbox 48 2151 1391 2343">
    <p class='ocr_par' dir='ltr' id='par_1_6' title="bbox 48 2151 1391 2343">
     <span class='ocr_line' id='line_1_35' title="bbox 146 2151 1391 2223; baseline -0.001 -11"><span class='ocrx_word' id='word_1_239' title='bbox 146 2182 165 2212; x_wconf 91' lang='lat'><strong>3</strong></span> <span class='ocrx_word' id='word_1_240' title='bbox 191 2178 293 2214; x_wconf 82' lang='lat' dir='ltr'>nacti</span> <span class='ocrx_word' id='word_1_241' title='bbox 318 2179 399 2223; x_wconf 74' lang='lat' dir='ltr'>F2q0</span> <span class='ocrx_word' id='word_1_242' title='bbox 499 2184 518 2214; x_wconf 82' lang='lat' dir='ltr'>S</span> <span class='ocrx_word' id='word_1_243' title='bbox 547 2151 739 2213; x_wconf 46' lang='lat' dir='ltr'>consociant</span> <span class='ocrx_word' id='word_1_244' title='bbox 765 2193 792 2223; x_wconf 83' lang='grc' dir='ltr'><strong><em>φ</em></strong></span> <span class='ocrx_word' id='word_1_245' title='bbox 831 2178 1023 2214; x_wconf 79' lang='lat' dir='ltr'>conferant</span> <span class='ocrx_word' id='word_1_246' title='bbox 1051 2180 1072 2213; x_wconf 83' lang='grc' dir='ltr'><em>ὃ</em></span> <span class='ocrx_word' id='word_1_247' title='bbox 1172 2182 1213 2213; x_wconf 88' lang='grc'>16</span> <span class='ocrx_word' id='word_1_248' title='bbox 1242 2178 1301 2211; x_wconf 89' lang='lat' dir='ltr'>dm</span> <span class='ocrx_word' id='word_1_249' title='bbox 1328 2177 1391 2221; x_wconf 77' lang='grc' dir='ltr'>Εφ</span> 
     </span>
     <span class='ocr_line' id='line_1_36' title="bbox 48 2227 1391 2295; baseline 0 -13"><span class='ocrx_word' id='word_1_250' title='bbox 48 2258 141 2282; x_wconf 82' lang='lat' dir='ltr'>sonu</span> <span class='ocrx_word' id='word_1_251' title='bbox 165 2248 193 2282; x_wconf 99' lang='lat' dir='ltr'><strong>F</strong></span> <span class='ocrx_word' id='word_1_252' title='bbox 227 2227 319 2283; x_wconf 71' lang='lat' dir='ltr'>soiiu</span> <span class='ocrx_word' id='word_1_253' title='bbox 346 2263 373 2293; x_wconf 83' lang='grc' dir='ltr'><strong>φ</strong></span> <span class='ocrx_word' id='word_1_254' title='bbox 479 2253 521 2284; x_wconf 82' lang='lat'>17</span> <span class='ocrx_word' id='word_1_255' title='bbox 556 2249 669 2295; x_wconf 78' lang='lat' dir='ltr'>frygii</span> <span class='ocrx_word' id='word_1_256' title='bbox 701 2252 804 2294; x_wconf 75' lang='lat' dir='ltr'>(post.</span> <span class='ocrx_word' id='word_1_257' title='bbox 837 2249 851 2283; x_wconf 88' lang='lat' dir='ltr'>i</span> <span class='ocrx_word' id='word_1_258' title='bbox 882 2251 922 2284; x_wconf 73' lang='lat' dir='ltr'>in</span> <span class='ocrx_word' id='word_1_259' title='bbox 952 2261 1023 2285; x_wconf 73' lang='lat' dir='ltr'>ras.</span> <span class='ocrx_word' id='word_1_260' title='bbox 1056 2250 1139 2284; x_wconf 77' lang='lat' dir='ltr'>add.</span> <span class='ocrx_word' id='word_1_261' title='bbox 1171 2261 1215 2283; x_wconf 78' lang='lat' dir='ltr'>m.</span> <span class='ocrx_word' id='word_1_262' title='bbox 1249 2249 1330 2292; x_wconf 75' lang='lat' dir='ltr'>rec.)</span> <span class='ocrx_word' id='word_1_263' title='bbox 1363 2248 1391 2282; x_wconf 90' lang='lat' dir='ltr'><strong>F</strong></span> 
     </span>
     <span class='ocr_line' id='line_1_37' title="bbox 49 2295 1248 2343; baseline 0 -14"><span class='ocrx_word' id='word_1_264' title='bbox 49 2298 92 2329; x_wconf 84' lang='lat'>18</span> <span class='ocrx_word' id='word_1_265' title='bbox 119 2296 302 2340; x_wconf 83' lang='lat' dir='ltr'>procurrit</span> <span class='ocrx_word' id='word_1_266' title='bbox 326 2297 353 2330; x_wconf 87' lang='lat' dir='ltr'>F</span> <span class='ocrx_word' id='word_1_267' title='bbox 392 2296 532 2343; x_wconf 74' lang='lat' dir='ltr'>pcurrit</span> <span class='ocrx_word' id='word_1_268' title='bbox 560 2311 587 2340; x_wconf 87' lang='grc' dir='ltr'>φ</span> <span class='ocrx_word' id='word_1_269' title='bbox 623 2298 667 2340; x_wconf 76' lang='lat' dir='ltr'>ef.</span> <span class='ocrx_word' id='word_1_270' title='bbox 697 2301 806 2331; x_wconf 64' lang='lat'>1521</span> <span class='ocrx_word' id='word_1_271' title='bbox 909 2300 951 2330; x_wconf 81' lang='lat'>19</span> <span class='ocrx_word' id='word_1_272' title='bbox 978 2297 1196 2340; x_wconf 79' lang='lat' dir='ltr'>conseptum</span> <span class='ocrx_word' id='word_1_273' title='bbox 1221 2295 1248 2329; x_wconf 89' lang='lat' dir='ltr'><strong>F</strong></span> 
     </span>
    </p>
   </div>
   <div class='ocr_carea' id='block_1_5' title="bbox 0 1847 3 2556">
    <p class='ocr_par' dir='ltr' id='par_1_7' title="bbox 0 1847 3 2556">
     <span class='ocr_line' id='line_1_38' title="bbox 0 1847 3 2556; baseline 0 0"><span class='ocrx_word' id='word_1_274' title='bbox 0 1847 3 2556; x_wconf 95' lang='lat' dir='ltr'> </span> 
     </span>
    </p>
   </div>
  </div>
 </body>
</html>
