1591 2556
150 70 233 111 186
701 70 830 104 LIBRI
855 70 940 104 VIII

145 166 246 208 licet
283 167 470 208 sarcinae
508 167 690 221 pondere
729 169 930 221 grauatus
963 169 1005 207 et
1042 166 1242 208 horreum
1279 166 1407 208 simul
1448 169 1490 208 et

150 225 357 279 templum
389 226 634 266 incederem.

236 283 457 325 XXVIIII.
490 284 558 325 Ad
590 285 718 325 istum
750 284 922 325 modum
954 283 1145 338 palantes
1177 298 1344 326 omnem
1373 284 1490 326 illam

147 344 512 398 depraedabantur
561 344 787 398 regionem.
868 343 941 384 sed
991 343 1035 384 in
1084 343 1267 397 quodam
1318 343 1490 385 castello

146 403 268 457 copia
306 402 453 443 laetati
494 402 690 457 largioris
729 402 980 456 quaesticuli
1020 402 1235 457 gaudiales
1273 403 1491 444 instruunt

147 462 286 515 dapes.
337 477 360 502 a
393 461 575 515 quodam
608 461 756 503 colono
782 462 904 502 fictae
931 461 1247 502 uaticinationis
1272 461 1490 503 mendacio

145 521 475 575 pinguissimum
520 521 753 574 deposcunt
796 521 992 574 arietem,
1037 520 1109 574 qui
1145 519 1279 561 Deam
1324 519 1491 574 Syriam

146 580 403 620 esurientem
442 594 517 620 suo
556 580 730 621 satiaret
768 579 992 632 sacrificio,
1033 579 1247 633 probeque
1286 579 1492 633 disposita

146 638 296 679 cenula
326 638 498 679 balneas
532 638 689 680 obeunt
721 653 767 679 ac
801 638 950 679 dehinc
981 638 1087 679 lauti
1117 638 1326 692 quendam
1351 638 1490 680 fortis·
1531 639 1533 641 ’

147 697 302 738 simum
321 697 597 751 rusticanum,
623 697 832 738 industria
851 697 1031 738 laterum
1052 700 1179 751 atque
1205 697 1301 738 imis
1328 698 1491 739 uentris
1511 718 1523 742 1

145 756 251 797 bene
265 759 561 810 praeparatum
582 757 780 798 comitem
801 771 924 797 cenae
946 771 1087 797 secum
1102 756 1316 798 adducunt
1328 756 1491 810 paucis-

147 830 228 869 que
261 816 486 856 admodum
518 816 804 870 praegustatis
838 815 1052 869 olusculis,
1084 818 1180 856 ante
1212 816 1348 869 ipsam
1379 829 1491 856 men-

146 889 235 915 sam
268 875 541 928 spurcissima
573 874 646 915 illa
677 875 886 929 propudia
917 875 969 915 ad
994 874 1181 916 inlicitae
1206 874 1398 915 libidinis
1424 889 1492 915 ex-

145 937 281 974 trema
311 934 474 988 flagitia
507 933 690 974 infandis
723 933 962 988 uriginibus
995 934 1224 974 efferantur
1248 933 1491 988 passimque

146 992 390 1033 circumfusi
422 993 626 1033 nudatum
659 993 987 1046 supinatumque
1019 993 1215 1034 iuuenem
1248 992 1492 1034 execrandis
1512 1012 1526 1036 1
1584 1014 1587 1038 ε

145 1051 291 1092 oribus
324 1051 586 1106 flagitabant.
636 1066 712 1092 neo
739 1051 894 1093 diutius
925 1051 1008 1092 tale
1040 1051 1204 1092 facinus
1229 1051 1334 1092 meis
1359 1051 1492 1093 oculis

146 1110 426 1151 tolerantibus
472 1110 614 1164 eporro
661 1109 864 1158 Quirites'
907 1110 1169 1163 proclamare
1219 1110 1375 1165 gestiui
1419 1110 1493 1151 sed

145 1169 367 1210 uiduatum
400 1169 550 1210 ceteris
583 1168 759 1222 syllabis
792 1184 839 1209 ac
870 1168 1026 1210 litteris
1064 1169 1272 1223 processit
1304 1167 1371 1210 ‘O’
1402 1172 1493 1210 tan-

145 1231 254 1282 tum,
292 1242 391 1268 sane
423 1228 582 1269 clarum
615 1242 661 1268 ac
699 1228 888 1269 ualidum
927 1231 969 1269 et
1007 1228 1125 1269 asino
1163 1228 1382 1282 proprium
1420 1228 1493 1270 sed

145 1288 431 1341 inopportuno
464 1287 587 1341 plane
621 1289 821 1341 tempore.
872 1302 1053 1342 namque
1086 1287 1136 1328 de
1161 1301 1270 1342 pago
1296 1287 1491 1341 proximo
1511 1306 1526 1331 2
1585 1294 1586 1300 ’

144 1346 382 1400 complures
432 1346 606 1387 iuuenes
659 1346 856 1387 abactum
900 1346 982 1387 sibi
1025 1348 1154 1387 noctu
1198 1346 1491 1401 perquirentes

144 1405 322 1446 asellum
354 1405 570 1459 nimioque
603 1405 744 1446 studio
785 1408 936 1446 cuncta
968 1405 1211 1446 deuorsoria
1243 1408 1492 1459 scrutantes,

148 1465 263 1505 intus
296 1464 463 1505 aedium
496 1464 641 1505 audito
667 1464 811 1505 ruditu
836 1479 943 1518 meo,
975 1464 1174 1518 praedam
1200 1464 1491 1505 absconditam

144 1523 337 1564 latibulis
370 1523 536 1564 aedium
569 1523 662 1577 rati,
694 1538 835 1564 coram
867 1538 954 1564 rem
988 1523 1178 1564 inuasuri
1207 1537 1326 1564 suam
1352 1523 1491 1578 inpro·
1585 1561 1586 1582 ἢ

144 1583 227 1623 uisi
272 1582 461 1623 conferto
500 1582 633 1637 gradu
676 1597 718 1623 se
759 1585 983 1636 penetrant
1022 1582 1247 1636 palamque
1287 1582 1384 1623 illos
1424 1597 1491 1624 ex·
1511 1601 1526 1626 2
1580 1583 1581 1586 ¹

145 1641 345 1682 ecrandas
376 1641 601 1682 foeditates
634 1641 838 1682 obeuntes
868 1641 1187 1695 deprehendunt
1212 1641 1296 1682 iam
1322 1641 1490 1696 iamque
1585 1636 1586 1641 ¹

144 1700 308 1741 uicinos
338 1700 524 1754 undique
562 1700 797 1754 percientes
829 1700 1120 1754 turpissimam
1153 1715 1345 1741 scaenam
1377 1703 1489 1755 pate-

144 1759 324 1813 faciunt,
365 1759 538 1813 insuper
575 1759 752 1800 ridicule
789 1759 1055 1800 sacerdotum
1095 1759 1366 1813 purissimam
1402 1759 1489 1801 lau-

146 1818 293 1859 dantes
335 1818 640 1859 castimoniam.
710 1818 842 1859 XXX.
880 1818 959 1859 hac
1000 1818 1175 1859 infamia
1217 1818 1488 1872 consternati,

145 1892 252 1931 quae
289 1892 365 1931 per
402 1891 476 1918 ora
507 1877 655 1931 populi
691 1877 814 1919 facile
852 1877 1014 1931 dilapsa
1052 1877 1204 1918 merito
1242 1877 1404 1918 inuisos
1442 1892 1490 1919 ac
1509 1894 1524 1920 3
1585 1875 1586 1894 ³

144 1935 416 1977 detestabiles
448 1950 520 1977 eos
559 1936 722 1978 cunctis
760 1937 972 1989 effecerat,
1009 1938 1175 1977 noctem
1212 1935 1343 1977 ferme
1381 1936 1491 1978 circa
1585 1932 1586 1946 ³

241 2113 285 2144 14
315 2095 525 2154 uiiginibus
558 2123 586 2154 φ
630 2110 841 2155 uirginibus
874 2109 1077 2145 efferuntur
1107 2111 1131 2145 ὃ
1232 2114 1274 2144 16
1307 2109 1399 2154 orib3
1425 2110 1490 2155 sz

145 2159 201 2202 (m
225 2157 254 2191 F
278 2169 323 2192 m.
349 2158 456 2192 ualde
481 2169 548 2192 rec.
575 2169 664 2193 corr.
691 2157 918 2203 uriginibus)
1016 2161 1058 2191 16
1093 2156 1234 2191 diutius
1259 2158 1390 2202 scripsi
1427 2157 1491 2192 diu

146 2205 224 2239 cdd.
264 2215 331 2239 nec
359 2203 518 2247 denique
545 2205 643 2239 Prie.
669 2206 763 2248 cfl4.
779 2208 822 2239 18
898 2209 940 2239 17
967 2215 1075 2249 porro
1102 2203 1265 2246 Quirites
1291 2204 1336 2247 cf.
1359 2204 1490 2240 Catull.

146 2252 275 2296 Priap.
303 2255 346 2285 26
446 2255 488 2286 18
519 2251 715 2298 processit]
741 2251 938 2296 praecissit
963 2251 1029 2294 qu
1127 2255 1170 2285 ²22
1198 2250 1404 2286 diuersoria
1430 2253 1490 2295 φὸ

145 2302 189 2332 29
221 2309 264 2332 ac
291 2298 354 2342 qu
453 2302 495 2332 31
523 2297 721 2333 effecerant
747 2299 774 2332 F
