1591 2556
47 718 80 742 10

3 1011 82 1051 ¹15

46 1307 80 1331 20

601 71 702 107 CAP.
728 70 928 106 XIII—XV
1355 69 1436 111 199

100 170 274 212 dicitiae.
318 169 426 211 'tunc
458 168 610 223 spretis
642 170 767 222 atque
800 166 971 209 calcatis
1004 167 1160 209 diuinis
1192 167 1437 209 numinibus

101 229 145 269 in
172 229 308 270 uicem
341 232 477 270 certae
510 226 728 282 religionis
759 226 940 267 mentita
966 226 1171 281 sacrilega
1195 241 1437 280 praesump-

100 287 212 329 tione
245 287 323 341 dei,
355 302 479 342 quem
512 286 772 341 praedicaret
802 285 987 339 unicum,
1019 285 1211 326 confictis
1244 285 1437 326 obserua-

100 346 284 388 tionibus
334 346 479 387 uacuis
528 345 679 387 fallens
723 359 868 385 omnes
911 344 1106 385 homines
1151 347 1193 386 et
1235 345 1437 386 miserum

103 406 298 446 maritum
336 405 548 459 decipiens
585 404 794 445 matutino
833 418 948 444 mero
984 406 1025 445 et
1057 403 1258 445 continuo
1291 406 1438 457 stupro

102 479 250 518 corpus
292 465 564 518 manciparat.
631 462 722 504 XV.
767 462 866 503 talis
909 462 983 503 illa
1025 462 1177 504 mulier
1219 463 1327 504 miro
1372 477 1438 502 me

100 523 428 577 persequebatur
460 523 567 564 odio.
624 537 720 563 nam
753 524 795 563 et
827 521 1036 563 antelucio
1069 522 1273 564 recubans
1303 521 1439 563 adhuc

100 582 297 638 subiungi
323 582 541 624 machinae
567 581 782 623 nouicium
809 580 1019 622 clamabat
1038 582 1204 622 asinum
1225 584 1267 622 et
1292 581 1437 622 statim

99 643 148 682 ut
189 641 378 683 cubiculo
423 641 606 695 primum
655 643 917 694 processerat
961 642 1183 695 <propter>
1233 641 1439 683 insistens

100 700 272 741 iubebat
299 701 485 741 incoram
517 700 583 741 sui
619 699 766 754 plagas
798 699 905 740 mihi
937 714 1063 753 quam
1094 700 1298 754 plurimas
1331 701 1438 743 irro-

100 759 191 814 gari
231 762 289 813 et,
327 775 421 801 cum
462 759 715 813 tempestiuo
752 758 930 812 prandio
968 758 1211 800 laxarentur
1248 760 1440 802 iumenta

101 821 249 872 cetera,
274 818 395 874 longe
414 818 576 859 tardius
602 817 805 872 applicari
830 818 1048 872 praesepio
1070 818 1291 873 [iubebat]
1329 835 1438 874 quae

101 877 280 918 saeuitia
316 877 447 918 multo
484 877 590 918 mihi
628 877 764 931 magis
802 877 1028 932 genuinam
1068 878 1357 920 curiositatem
1390 880 1435 920 111

102 950 201 977 suos
237 950 372 978 mores
410 936 697 990 ampliauerat.
758 951 856 977 nam
895 939 937 977 et
968 936 1142 978 adsiduo
1174 937 1297 991 plane
1331 953 1439 979 com-

101 997 310 1036 meantem
342 996 383 1036 in
414 995 504 1036 eius
543 995 782 1036 cubiculum
815 995 1024 1049 quendam
1062 997 1294 1038 sentiebam
1326 998 1439 1039 iuue-

103 1069 212 1108 nem,
237 1054 356 1095 cuius
379 1057 421 1096 et
446 1054 597 1095 faciem
623 1055 765 1095 uidere
787 1054 1007 1108 cupiebam
1029 1069 1079 1096 ex
1099 1070 1265 1096 summo
1286 1057 1440 1110 studio,

103 1113 140 1154 si
169 1116 312 1154 tamen
336 1114 619 1155 uelamentum
646 1113 796 1167 capitis
821 1113 1063 1154 libertatem
1088 1115 1310 1156 tribuisset
1334 1116 1440 1157 meis

103 1171 329 1226 aliquando
378 1172 619 1213 luminibus.
693 1187 768 1213 nec
818 1172 930 1213 enim
979 1172 1085 1214 mihi
1134 1173 1324 1215 sollertia
1374 1175 1439 1216 de-

105 1231 161 1285 [p.
185 1231 279 1272 164.
298 1231 367 1286 E]
402 1232 555 1273 fuisset
586 1232 639 1272 ad
675 1231 907 1286 detegenda
939 1246 1109 1286 quoquo
1148 1233 1273 1274 modo
1310 1235 1439 1287 pessi-

101 1305 191 1331 mae
222 1290 403 1331 feminae
433 1291 605 1345 flagitia.
668 1291 741 1331 sed
779 1305 882 1332 anus
916 1291 1120 1344 quaedam
1153 1295 1347 1346 stuprum
1380 1308 1439 1334 se<

101 1352 273 1403 questra
304 1352 368 1390 et
371 1350 666 1390 adulterorum
699 1350 960 1390 internuntia
998 1350 1047 1391 de
1085 1351 1151 1391 die
1189 1352 1343 1393 cotidie
1381 1352 1439 1392 in-

100 1408 347 1474 separabilis
368 1409 519 1449 aderat
559 1423 655 1449 cum
675 1423 758 1462 qua
776 1409 970 1462 protinus
991 1409 1201 1451 ientaculo
1223 1425 1269 1451 ac
1290 1411 1439 1452 dehinc

98 1467 198 1508 uino
230 1481 344 1508 mero
370 1468 529 1509 mutuis
555 1468 720 1509 uicibus
752 1468 927 1509 uelitata
953 1483 1123 1509 scaenas
1149 1469 1439 1511 fraudulentas

98 1525 142 1566 in
173 1526 349 1567 exitium
386 1527 611 1568 miserrimi
649 1527 793 1567 mariti
830 1527 1019 1568 subdolis
1058 1528 1309 1583 ambagibus
1346 1544 1439 1570 con—

63 1603 78 1626 5
99 1585 299 1626 struebat.
356 1588 398 1626 at
430 1600 507 1640 ego
541 1601 781 1640 quanquam
814 1587 1001 1641 grauiter
1033 1602 1281 1628 suscensens
1308 1589 1440 1629 errori

98 1643 273 1698 Fotidis,
311 1659 416 1698 quae
449 1660 514 1685 me
546 1645 645 1685 dum
679 1660 799 1686 auem
831 1645 1022 1700 fabricat,
1052 1646 1230 1700 perfecit
1262 1647 1440 1701 asinum,

98 1702 180 1743 isto
213 1705 355 1744 tamen
386 1703 455 1744 uel
486 1704 608 1745 unico
641 1704 797 1745 solacio
830 1705 1130 1746 aerumnabilis
1157 1705 1439 1747 deformitatis

98 1776 214 1802 meae
252 1762 487 1817 recreabar,
531 1763 643 1817 quod
681 1764 855 1804 auribus
893 1764 1187 1819 grandissimis
1224 1766 1440 1819 praeditus

99 1823 249 1861 cuncta
303 1820 475 1876 longule
538 1822 665 1863 etiam
728 1822 876 1863 dissita
936 1823 1137 1864 facillime
1195 1824 1439 1865 sentiebam.

194 1999 214 2029 9
240 1994 447 2043 (propter)
474 1996 599 2032 Rohde
672 2001 783 2031 10.11
811 1997 866 2032 110
887 1998 1011 2043 urgeri
1037 2012 1064 2042 φ
1140 2003 1181 2033 12
1210 1999 1392 2044 applicari
1411 2000 1438 2033 F

101 2044 173 2087 (pr.
197 2054 223 2087 p
248 2055 289 2078 ‘m
313 2054 547 2078 1113361111
573 2045 617 2087 r)
655 2044 850 2089 amplicari
875 2059 902 2089 φ
929 2048 979 2090 (m
1005 2047 1046 2080 in
1070 2048 1156 2091 ms)
1254 2046 1439 2092 [iubebat]

99 2090 254 2133 exclusi5
289 2090 379 2125 Oud.
411 2101 477 2126 om
509 2092 613 2135 prius
646 2090 801 2127 iubebat
835 2104 888 2127 us
917 2096 960 2127 10
1082 2097 1124 2127 18
1159 2099 1174 2128 i
1210 2093 1377 2128 sollertia
1412 2106 1439 2136 φ

101 2139 146 2170 20
189 2118 357 2181 stuprum
400 2137 469 2180 qu
526 2137 644 2182 stupri
686 2138 727 2173 E.
890 2143 945 2175 20
973 2143 1015 2174 21
1062 2140 1260 2184 sequestr&
1302 2141 1330 2174 F
1386 2151 1440 2174 se-

101 2185 248 2227 questre
280 2197 307 2228 φ
429 2189 470 2219 21
505 2186 542 2219 et
573 2186 657 2220 add.
688 2187 730 2220 in
754 2199 781 2230 φ
812 2199 856 2221 m.
882 2200 911 2222 r.
958 2187 1076 2232 stupri
1107 2188 1255 2222 conscia
1287 2189 1324 2222 et
1359 2198 1390 2221 a.
1418 2189 1440 2221 ὃ

101 2252 221 2298 stupri
257 2257 447 2298 sequestra
484 2268 552 2301 my.
586 2269 612 2299 φ
751 2260 794 2290 23
832 2242 1150 2305 uelitat31e÷gnas
1186 2258 1212 2290 F
1262 2257 1439 2292 uelitatas

100 2311 210 2335 cenas
239 2314 266 2345 φ
