1591 2556
9 728 43 753 10

10 1023 42 1047 15

8 1318 42 1342 20

9 1612 42 1637 25

525 80 625 116 CAP.
651 79 937 114 xvim-xxii
1318 81 1399 122 179

62 177 176 218 solus
214 180 381 231 praeter
417 177 521 218 alios
560 176 784 219 incolumis
824 175 1033 229 proelium
1075 176 1267 230 superius
1306 192 1398 218 eua-

62 239 192 290 serat,
223 237 392 291 exurgit
423 236 558 278 alacer
590 240 632 278 et
661 237 933 290 percontatus
967 249 1149 289 quonam
1181 235 1263 276 loci
1295 251 1400 289 puer

61 295 132 337 ille
166 295 406 350 decidisset,
437 297 745 337 monstrantem
778 294 911 348 digito
944 308 1029 334 non
1068 293 1193 348 longe
1224 294 1398 336 frutices

61 354 255 396 horridos
294 369 435 396 senem
468 354 589 396 illum
628 354 792 408 inpigre
825 353 1063 394 comitatur.
1120 368 1165 393 ac
1200 353 1299 394 dum
1331 369 1400 407 pa-

62 413 162 455 bulo
212 416 357 454 nostro
408 428 565 468 suaque
616 428 714 454 cura
757 412 904 453 refecti
955 412 1176 453 sarcinulis
1222 412 1400 466 quisque

62 472 243 526 sumptis
279 472 366 513 suis
399 473 512 514 uiam
552 474 794 527 capessunt,
827 470 1008 512 clamore
1046 471 1231 525 primum
1269 473 1401 512 nomi-

61 531 193 572 natim
216 531 372 572 cientes
399 532 519 573 illum
546 533 741 573 iuuenem
766 530 1011 584 frequenter
1037 530 1277 584 inclamant,
1302 545 1402 571 111οΧ

61 590 167 631 hora
186 590 337 631 diurna
357 591 558 632 commoti
583 591 762 631 mittunt
782 604 803 630 e
824 590 911 630 suis
939 590 1231 631 arcessitorem
1258 604 1401 643 unum,

63 650 135 704 qui
176 650 429 704 requisitum
471 650 668 691 comitem
708 649 986 702 tempestiuae
1028 649 1121 690 uiae
1166 663 1401 690 commone-

62 708 222 750 factum
254 709 482 750 reduceret.
533 712 576 750 at
608 708 679 750 ille
711 708 923 749 modicum
957 711 1241 749 commoratus
1274 708 1402 749 refert

63 782 153 809 sese
185 768 364 809 buxanti
394 768 554 822 pallore
586 768 789 822 trepidus,
821 768 1004 820 miraque
1039 782 1165 821 super
1196 781 1400 808 conseruo

63 841 138 867 suo
171 827 396 868 renuntiat.
447 827 735 881 conspicatum
769 842 811 867 se
846 826 1001 880 quippe
1034 826 1231 880 supinato
1265 825 1328 867 illi
1361 830 1402 867 et

62 886 146 926 iam
179 901 229 927 ex
259 886 445 927 maxima
476 890 595 940 parte
629 888 878 940 consumpto
918 886 1144 926 immanem
1178 885 1401 926 draconem

62 945 330 986 mandentem
366 946 559 987 insistere
591 960 667 987 nec
701 944 871 999 [ullum]
905 959 1084 999 usquam
1116 945 1401 985 miserrimum

63 1019 205 1045 senem
227 1019 466 1058 comparere
493 1004 625 1046 illum.
662 1019 744 1058 qua
769 1019 812 1045 re
834 1004 1003 1058 cognita
1029 1007 1070 1045 et
1096 1018 1191 1044 cum
1217 1004 1401 1057 pastoris

63 1077 254 1104 sermone
287 1063 470 1119 conlata,
503 1065 576 1118 qui
609 1078 781 1104 saeuum
813 1078 987 1116 prorsus
1019 1062 1131 1103 hunc
1172 1062 1293 1103 illum
1326 1077 1401 1104 nec

63 1121 192 1163 alium
236 1122 425 1164 locorum
475 1122 731 1177 inquilinum
781 1122 1140 1176 praeminabatur,
1184 1121 1401 1176 pestilenti

63 1181 226 1222 deserta
269 1182 440 1236 legione
483 1182 685 1223 uelociori
730 1195 773 1222 se
816 1181 918 1235 fuga
955 1181 1197 1235 proripiunt
1240 1196 1401 1235 nosque

54 1240 300 1294 propellunt
315 1216 489 1281 Dcrebris
519 1241 743 1282 tundentes
769 1240 966 1281 fustibus.
1016 1239 1151 1281 XXII.
1185 1240 1401 1281 celerrime

63 1299 241 1353 denique
278 1299 406 1354 longo
439 1300 589 1341 itinere
623 1300 813 1341 confecto
851 1313 1008 1354 pagum
1043 1299 1251 1353 quendam
1290 1314 1400 1340 acce-

62 1358 199 1399 dimus
232 1358 374 1412 ibique
406 1362 540 1400 totam
572 1358 905 1413 perquiescimus
932 1361 1109 1399 noctem.
1157 1358 1262 1399 mibi
1295 1373 1401 1399 com—

60 1420 225 1470 pertum
251 1417 413 1458 facinus
436 1418 590 1472 oppido
617 1417 889 1459 memorabile
917 1433 1085 1459 narrare
1106 1417 1210 1471 <οη>
1230 1418 1401 1471 incipio.

150 1476 206 1530 [p.
237 1477 330 1517 148.
355 1476 424 1531 E]
472 1476 628 1518 Seruus
662 1476 850 1531 quidam,
883 1477 950 1517 cui
983 1479 1177 1518 cunctam
1216 1476 1400 1517 familiae

61 1535 239 1576 tutelam
267 1535 461 1577 dominus
493 1536 743 1590 permiserat
772 1550 872 1576 suus
900 1536 1056 1590 quique
1088 1531 1399 1590 possessionem

61 1595 290 1635 maximam
322 1594 450 1649 illam,
482 1596 525 1636 in
553 1610 679 1649 quam
709 1595 1036 1649 deuerteramus7
1068 1595 1297 1649 uiUicabat,
1329 1594 1400 1635 ha-

157 1761 176 1790 2
203 1756 327 1791 alacer
351 1757 378 1791 F
417 1757 501 1792 altE
529 1772 556 1803 φ
584 1760 617 1803 (“
645 1763 677 1793 et
701 1758 730 1792 E
756 1769 821 1793 scr.
848 1770 891 1793 m.
918 1760 962 1802 r.)
1061 1763 1080 1792 S
1115 1758 1248 1792 diurna
1274 1759 1404 1802 scripsi
1425 1783 1428 1786 -

61 1804 105 1847 cf.
134 1804 232 1839 Mus.
260 1805 373 1839 Rhen.
401 1805 450 1839 N.
479 1805 522 1840 F.
555 1805 663 1840 XLII.
693 1810 757 1839 145
809 1804 956 1839 diutina
989 1807 1066 1841 cdd.
1119 1816 1221 1840 mora
1253 1805 1400 1839 diutina

63 1851 226 1887 Stewech.
254 1863 318 1886 ora
338 1865 366 1896 φ
441 1856 481 1886 11
503 1852 670 1896 miraque
689 1854 817 1897 seo-ipsa·
841 1852 935 1887 mira
955 1854 1033 1888 edd.
1112 1856 1155 1886 14
1176 1852 1323 1898 [ullum]
1344 1865 1402 1887 ea:-

62 1900 153 1933 clusi
189 1900 234 1942 cf.
262 1902 378 1933 57.10
427 1910 495 1934 nec
532 1899 779 1934 miserrimum
823 1911 947 1934 senem
990 1911 1148 1944 usquam
1191 1911 1401 1944 comparere

62 1945 169 1980 illum
194 1948 216 1980 ὃ
246 1945 462 1980 miserinum
486 1947 551 1991 Εφ
651 1950 693 1981 16
720 1958 873 1982 saeuum
897 1947 937 1983 E.
983 1960 1006 1992 q
1033 1952 1103 1982 cufi
1134 1948 1210 1995 Cprl}
1236 1947 1308 1981 huc
1334 1946 1401 1981 fllfi

62 2015 129 2039 nec
161 2004 277 2039 alium
314 2015 484 2039 cocorum
522 2005 667 2050 inqlinfi
698 1997 896 2050 pminebai-
922 2006 986 2050 qu
1021 2007 1074 2051 (in
1103 2006 1131 2040 F
1163 2007 1248 2041 haee
1279 2007 1401 2040 omnia

62 2052 212 2087 inducta
218 2066 232 2095 ,·
262 2063 341 2087 cum
372 2063 409 2087 eo
442 2053 532 2087 libro
564 2054 739 2088 consentit
764 2054 802 2097 δ,
837 2055 901 2089 ubi
925 2054 1010 2088 haec
1041 2055 1164 2088 omnia
1195 2054 1323 2088 desunt.
1355 2056 1400 2095 cf.

64 2101 194 2142 141.1;
222 2103 299 2134 142.
315 2101 372 2145 25)
448 2104 490 2133 19
516 2099 729 2144 propellunt
753 2102 881 2146 scripsi
906 2100 1053 2146 pellunt
1078 2102 1155 2136 cdd.
1183 2102 1226 2143 cf.
1246 2104 1399 2142 144.19;

65 2172 200 2205 161.18
316 2173 357 2204 21
393 2169 488 2204 inibi
513 2170 683 2206 Beroald.
716 2157 743 2205 ti
764 2171 792 2205 F
818 2157 855 2204 in
882 2185 909 2215 φ
1026 2175 1080 2205 21,
1097 2175 1140 2204 22
1174 2172 1401 2215 compertum

64 2216 232 2252 Beroald.
277 2219 424 2262 ceptum
459 2218 536 2252 cdd.
663 2222 707 2252 22
743 2217 844 2265 (en)
880 2218 1019 2263 incipio
1054 2219 1183 2262 scripse?
1219 2220 1262 2261 cf.
1293 2221 1399 2259 1.15;

66 2266 178 2298 1638
228 2264 336 2308 cupio
375 2265 452 2300 cdcl.
576 2268 618 2298 23
658 2267 791 2300 cuncta
823 2266 898 2300 F¹3
1019 2270 1063 2300 24
1102 2265 1336 2299 commiserat
1369 2272 1399 2306 φ

65 2313 107 2344 25
133 2309 316 2345 uilicabat
341 2324 368 2355 φ

1051 2372 1116 2405 12ss
