<?xml version="1.0" encoding="UTF-8"?>
<!DOCTYPE html PUBLIC "-//W3C//DTD XHTML 1.0 Transitional//EN"
    "http://www.w3.org/TR/xhtml1/DTD/xhtml1-transitional.dtd">
<html xmlns="http://www.w3.org/1999/xhtml" xml:lang="en" lang="en">
 <head>
  <title>
</title>
<meta http-equiv="Content-Type" content="text/html;charset=utf-8" />
  <meta name='ocr-system' content='tesseract 3.04.00' />
  <meta name='ocr-capabilities' content='ocr_page ocr_carea ocr_par ocr_line ocrx_word'/>
</head>
<body>
  <div class='ocr_page' id='page_1' title='image "./metamorphoseonli00apuluoft/metamorphoseonli00apuluoft_0069.png"; bbox 0 0 1591 2556; ppageno 0'>
   <div class='ocr_carea' id='block_1_1' title="bbox 611 85 1444 128">
    <p class='ocr_par' dir='ltr' id='par_1_1' title="bbox 611 85 1444 128">
     <span class='ocr_line' id='line_1_1' title="bbox 611 85 1444 128; baseline 0.01 -9"><span class='ocrx_word' id='word_1_1' title='bbox 611 85 712 120; x_wconf 91' lang='lat' dir='ltr'><strong>CAP.</strong></span> <span class='ocrx_word' id='word_1_2' title='bbox 738 85 938 128; x_wconf 72' lang='lat' dir='ltr'>XIH-XV</span> <span class='ocrx_word' id='word_1_3' title='bbox 1388 88 1444 127; x_wconf 77' lang='lat'>33</span> 
     </span>
    </p>
   </div>
   <div class='ocr_carea' id='block_1_2' title="bbox 0 181 1448 1951">
    <p class='ocr_par' dir='ltr' id='par_1_2' title="bbox 103 181 1445 416">
     <span class='ocr_line' id='line_1_2' title="bbox 103 181 1444 238; baseline 0 -13"><span class='ocrx_word' id='word_1_4' title='bbox 103 186 285 237; x_wconf 89' lang='lat' dir='ltr'>utroque</span> <span class='ocrx_word' id='word_1_5' title='bbox 310 182 514 238; x_wconf 87' lang='lat' dir='ltr'>regimine</span> <span class='ocrx_word' id='word_1_6' title='bbox 533 181 702 236; x_wconf 83' lang='lat' dir='ltr'>amisso,</span> <span class='ocrx_word' id='word_1_7' title='bbox 728 196 850 237; x_wconf 81' lang='lat' dir='ltr'>aegre</span> <span class='ocrx_word' id='word_1_8' title='bbox 877 182 930 222; x_wconf 89' lang='lat' dir='ltr'>ad</span> <span class='ocrx_word' id='word_1_9' title='bbox 955 182 1169 224; x_wconf 71' lang='lat' dir='ltr'>ulterioris</span> <span class='ocrx_word' id='word_1_10' title='bbox 1195 184 1310 238; x_wconf 81' lang='lat' dir='ltr'>ripae</span> <span class='ocrx_word' id='word_1_11' title='bbox 1337 199 1444 225; x_wconf 84' lang='lat' dir='ltr'>mar-</span> 
     </span>
     <span class='ocr_line' id='line_1_3' title="bbox 105 241 1443 298; baseline 0 -14"><span class='ocrx_word' id='word_1_12' title='bbox 105 243 248 298; x_wconf 87' lang='lat' dir='ltr'>ginem</span> <span class='ocrx_word' id='word_1_13' title='bbox 289 242 458 283; x_wconf 90' lang='lat' dir='ltr'>detrusa</span> <span class='ocrx_word' id='word_1_14' title='bbox 496 255 695 294; x_wconf 88' lang='lat' dir='ltr'>praeceps</span> <span class='ocrx_word' id='word_1_15' title='bbox 736 241 926 282; x_wconf 87' lang='lat' dir='ltr'>demersa</span> <span class='ocrx_word' id='word_1_16' title='bbox 963 244 1027 282; x_wconf 89' lang='lat' dir='ltr'>est</span> <span class='ocrx_word' id='word_1_17' title='bbox 1065 245 1106 283; x_wconf 91' lang='lat' dir='ltr'>et</span> <span class='ocrx_word' id='word_1_18' title='bbox 1137 257 1214 283; x_wconf 89' lang='lat' dir='ltr'>nos</span> <span class='ocrx_word' id='word_1_19' title='bbox 1247 244 1443 284; x_wconf 88' lang='lat' dir='ltr'>omnibus</span> 
     </span>
     <span class='ocr_line' id='line_1_4' title="bbox 105 300 1442 356; baseline 0.001 -14"><span class='ocrx_word' id='word_1_20' title='bbox 105 302 272 343; x_wconf 87' lang='lat' dir='ltr'>amissis</span> <span class='ocrx_word' id='word_1_21' title='bbox 313 301 386 341; x_wconf 85' lang='lat' dir='ltr'>uix</span> <span class='ocrx_word' id='word_1_22' title='bbox 425 300 702 341; x_wconf 90' lang='lat' dir='ltr'>enatauimus.</span> <span class='ocrx_word' id='word_1_23' title='bbox 770 300 1049 354; x_wconf 88' lang='lat' dir='ltr'>quodcunque</span> <span class='ocrx_word' id='word_1_24' title='bbox 1090 301 1158 342; x_wconf 90' lang='lat' dir='ltr'>uel</span> <span class='ocrx_word' id='word_1_25' title='bbox 1198 302 1442 356; x_wconf 89' lang='lat' dir='ltr'>ignotorum</span> 
     </span>
     <span class='ocr_line' id='line_1_5' title="bbox 105 358 1445 416; baseline 0.001 -14"><span class='ocrx_word' id='word_1_26' title='bbox 105 360 374 402; x_wconf 89' lang='lat' dir='ltr'>miseratione</span> <span class='ocrx_word' id='word_1_27' title='bbox 405 358 473 400; x_wconf 89' lang='lat' dir='ltr'>uel</span> <span class='ocrx_word' id='word_1_28' title='bbox 499 359 731 400; x_wconf 89' lang='lat' dir='ltr'>amicorum</span> <span class='ocrx_word' id='word_1_29' title='bbox 757 359 1044 400; x_wconf 87' lang='lat' dir='ltr'>beniuolentia</span> <span class='ocrx_word' id='word_1_30' title='bbox 1069 361 1369 416; x_wconf 68' lang='lat' dir='ltr'>contraximus,</span> <span class='ocrx_word' id='word_1_31' title='bbox 1402 362 1445 403; x_wconf 87' lang='lat' dir='ltr'>id</span> 
     </span>
    </p>

    <p class='ocr_par' dir='ltr' id='par_1_3' title="bbox 70 416 1444 591">
     <span class='ocr_line' id='line_1_6' title="bbox 70 416 1443 472; baseline -0.001 -10"><span class='ocrx_word' id='word_1_32' title='bbox 70 437 87 463; x_wconf 86' lang='lat'>5</span> <span class='ocrx_word' id='word_1_33' title='bbox 108 434 230 461; x_wconf 90' lang='grc'>0111119</span> <span class='ocrx_word' id='word_1_34' title='bbox 261 416 521 459; x_wconf 85' lang='lat' dir='ltr'>latrocinalis</span> <span class='ocrx_word' id='word_1_35' title='bbox 552 418 710 459; x_wconf 88' lang='lat' dir='ltr'>inuasit</span> <span class='ocrx_word' id='word_1_36' title='bbox 741 433 910 471; x_wconf 81' lang='lat' dir='ltr'>manus,</span> <span class='ocrx_word' id='word_1_37' title='bbox 943 433 1123 472; x_wconf 89' lang='lat' dir='ltr'>quorum</span> <span class='ocrx_word' id='word_1_38' title='bbox 1156 419 1352 461; x_wconf 87' lang='lat' dir='ltr'>audaciae</span> <span class='ocrx_word' id='word_1_39' title='bbox 1385 436 1443 462; x_wconf 88' lang='grc'>19-</span> 
     </span>
     <span class='ocr_line' id='line_1_7' title="bbox 103 475 1444 533; baseline 0.001 -15"><span class='ocrx_word' id='word_1_40' title='bbox 103 492 296 533; x_wconf 81' lang='lat' dir='ltr'>pugnans</span> <span class='ocrx_word' id='word_1_41' title='bbox 328 478 456 518; x_wconf 89' lang='lat' dir='ltr'>etiam</span> <span class='ocrx_word' id='word_1_42' title='bbox 487 475 723 532; x_wconf 75' lang='lat' dir='ltr'>Arignotus</span> <span class='ocrx_word' id='word_1_43' title='bbox 755 477 905 518; x_wconf 90' lang='lat' dir='ltr'>unicus</span> <span class='ocrx_word' id='word_1_44' title='bbox 936 477 1068 518; x_wconf 85' lang='lat' dir='ltr'>frater</span> <span class='ocrx_word' id='word_1_45' title='bbox 1098 493 1218 519; x_wconf 87' lang='lat' dir='ltr'>meus</span> <span class='ocrx_word' id='word_1_46' title='bbox 1245 478 1322 520; x_wconf 88' lang='lat' dir='ltr'>sub</span> <span class='ocrx_word' id='word_1_47' title='bbox 1349 480 1444 521; x_wconf 85' lang='lat' dir='ltr'>istis</span> 
     </span>
     <span class='ocr_line' id='line_1_8' title="bbox 105 536 768 591; baseline -0.002 -13"><span class='ocrx_word' id='word_1_48' title='bbox 105 537 237 578; x_wconf 92' lang='lat' dir='ltr'>oculis</span> <span class='ocrx_word' id='word_1_49' title='bbox 268 536 397 578; x_wconf 89' lang='lat' dir='ltr'>miser</span> <span class='ocrx_word' id='word_1_50' title='bbox 427 536 644 591; x_wconf 89' lang='lat' dir='ltr'>iugulatus</span> <span class='ocrx_word' id='word_1_51' title='bbox 676 536 768 577; x_wconf 67' lang='lat' dir='ltr'>est.5</span> 
     </span>
    </p>

    <p class='ocr_par' dir='ltr' id='par_1_4' title="bbox 103 594 1446 709">
     <span class='ocr_line' id='line_1_9' title="bbox 190 594 1446 652; baseline 0.002 -16"><span class='ocrx_word' id='word_1_52' title='bbox 190 595 306 637; x_wconf 89' lang='lat' dir='ltr'>Haec</span> <span class='ocrx_word' id='word_1_53' title='bbox 332 610 380 637; x_wconf 93' lang='lat' dir='ltr'>eo</span> <span class='ocrx_word' id='word_1_54' title='bbox 403 595 538 636; x_wconf 89' lang='lat' dir='ltr'>adhuc</span> <span class='ocrx_word' id='word_1_55' title='bbox 557 598 755 636; x_wconf 89' lang='lat' dir='ltr'>narrante</span> <span class='ocrx_word' id='word_1_56' title='bbox 775 598 937 636; x_wconf 90' lang='lat' dir='ltr'>maesto</span> <span class='ocrx_word' id='word_1_57' title='bbox 959 594 1092 637; x_wconf 86' lang='lat' dir='ltr'>Cerdo</span> <span class='ocrx_word' id='word_1_58' title='bbox 1114 596 1185 637; x_wconf 88' lang='lat' dir='ltr'>ille</span> <span class='ocrx_word' id='word_1_59' title='bbox 1204 597 1446 652; x_wconf 86' lang='lat' dir='ltr'>negotiator</span> 
     </span>
     <span class='ocr_line' id='line_1_10' title="bbox 103 654 1444 709; baseline 0.001 -13"><span class='ocrx_word' id='word_1_60' title='bbox 103 655 307 709; x_wconf 73' lang='lat' dir='ltr'>correptis</span> <span class='ocrx_word' id='word_1_61' title='bbox 339 654 571 695; x_wconf 87' lang='lat' dir='ltr'>nummulis</span> <span class='ocrx_word' id='word_1_62' title='bbox 603 655 704 708; x_wconf 77' lang='lat' dir='ltr'>suis,</span> <span class='ocrx_word' id='word_1_63' title='bbox 737 669 843 709; x_wconf 90' lang='lat' dir='ltr'>quos</span> <span class='ocrx_word' id='word_1_64' title='bbox 869 655 1144 696; x_wconf 87' lang='lat' dir='ltr'>diuinationis</span> <span class='ocrx_word' id='word_1_65' title='bbox 1171 656 1353 697; x_wconf 82' lang='lat' dir='ltr'>mercedi</span> <span class='ocrx_word' id='word_1_66' title='bbox 1379 657 1444 698; x_wconf 88' lang='lat' dir='ltr'>de·</span> 
     </span>
    </p>

    <p class='ocr_par' dir='ltr' id='par_1_5' title="bbox 47 713 1445 1065">
     <span class='ocr_line' id='line_1_11' title="bbox 50 713 1445 769; baseline -0.001 -12"><span class='ocrx_word' id='word_1_67' title='bbox 50 733 83 758; x_wconf 77' lang='grc' dir='ltr'>ιο</span> <span class='ocrx_word' id='word_1_68' title='bbox 103 714 353 768; x_wconf 74' lang='lat' dir='ltr'>stinauerat,</span> <span class='ocrx_word' id='word_1_69' title='bbox 394 714 589 768; x_wconf 90' lang='lat' dir='ltr'>protinus</span> <span class='ocrx_word' id='word_1_70' title='bbox 632 713 809 769; x_wconf 85' lang='lat' dir='ltr'>aufugit.</span> <span class='ocrx_word' id='word_1_71' title='bbox 872 728 918 755; x_wconf 88' lang='lat' dir='ltr'>ac</span> <span class='ocrx_word' id='word_1_72' title='bbox 950 714 1101 755; x_wconf 90' lang='lat' dir='ltr'>dehinc</span> <span class='ocrx_word' id='word_1_73' title='bbox 1142 718 1244 756; x_wconf 88' lang='lat' dir='ltr'>tunc</span> <span class='ocrx_word' id='word_1_74' title='bbox 1276 715 1445 757; x_wconf 90' lang='lat' dir='ltr'>demum</span> 
     </span>
     <span class='ocr_line' id='line_1_12' title="bbox 98 773 1445 828; baseline 0.001 -14"><span class='ocrx_word' id='word_1_75' title='bbox 98 773 343 828; x_wconf 90' lang='lat' dir='ltr'>Diophanes</span> <span class='ocrx_word' id='word_1_76' title='bbox 375 773 620 828; x_wconf 73' lang='lat' dir='ltr'>expergitus</span> <span class='ocrx_word' id='word_1_77' title='bbox 651 773 784 814; x_wconf 88' lang='lat' dir='ltr'>sensit</span> <span class='ocrx_word' id='word_1_78' title='bbox 815 773 1124 827; x_wconf 83' lang='lat' dir='ltr'>imprudentiae</span> <span class='ocrx_word' id='word_1_79' title='bbox 1163 789 1262 815; x_wconf 89' lang='lat' dir='ltr'>suae</span> <span class='ocrx_word' id='word_1_80' title='bbox 1294 775 1445 828; x_wconf 84' lang='grc'>13119111,</span> 
     </span>
     <span class='ocr_line' id='line_1_13' title="bbox 100 832 1444 875; baseline 0.001 -2"><span class='ocrx_word' id='word_1_81' title='bbox 100 847 195 873; x_wconf 89' lang='lat' dir='ltr'>cum</span> <span class='ocrx_word' id='word_1_82' title='bbox 227 833 354 874; x_wconf 85' lang='lat' dir='ltr'>etiam</span> <span class='ocrx_word' id='word_1_83' title='bbox 386 846 462 873; x_wconf 89' lang='lat' dir='ltr'>nos</span> <span class='ocrx_word' id='word_1_84' title='bbox 495 832 633 873; x_wconf 90' lang='lat' dir='ltr'>omnis</span> <span class='ocrx_word' id='word_1_85' title='bbox 666 833 946 873; x_wconf 76' lang='lat' dir='ltr'>circumsecus</span> <span class='ocrx_word' id='word_1_86' title='bbox 974 833 1187 874; x_wconf 83' lang='lat' dir='ltr'>adstantes</span> <span class='ocrx_word' id='word_1_87' title='bbox 1214 834 1258 874; x_wconf 91' lang='lat' dir='ltr'>in</span> <span class='ocrx_word' id='word_1_88' title='bbox 1285 833 1444 875; x_wconf 89' lang='lat' dir='ltr'>clarum</span> 
     </span>
     <span class='ocr_line' id='line_1_14' title="bbox 100 891 1443 947; baseline 0.001 -15"><span class='ocrx_word' id='word_1_89' title='bbox 100 891 352 932; x_wconf 87' lang='lat' dir='ltr'>cachinnum</span> <span class='ocrx_word' id='word_1_90' title='bbox 385 891 548 932; x_wconf 87' lang='lat' dir='ltr'>uideret</span> <span class='ocrx_word' id='word_1_91' title='bbox 580 891 747 932; x_wconf 87' lang='lat' dir='ltr'>effusos.</span> <span class='ocrx_word' id='word_1_92' title='bbox 809 892 883 932; x_wconf 90' lang='lat' dir='ltr'>sed</span> <span class='ocrx_word' id='word_1_93' title='bbox 913 891 993 932; x_wconf 85' lang='lat' dir='ltr'>tibi</span> <span class='ocrx_word' id='word_1_94' title='bbox 1032 892 1089 947; x_wconf 92' lang='lat' dir='ltr'>[p.</span> <span class='ocrx_word' id='word_1_95' title='bbox 1111 892 1178 932; x_wconf 73' lang='lat'>27.</span> <span class='ocrx_word' id='word_1_96' title='bbox 1199 892 1268 947; x_wconf 72' lang='lat' dir='ltr'>E]</span> <span class='ocrx_word' id='word_1_97' title='bbox 1307 893 1443 947; x_wconf 82' lang='lat' dir='ltr'>plane,</span> 
     </span>
     <span class='ocr_line' id='line_1_15' title="bbox 98 949 1444 1006; baseline 0.001 -14"><span class='ocrx_word' id='word_1_98' title='bbox 98 950 203 992; x_wconf 83' lang='lat' dir='ltr'>Luci</span> <span class='ocrx_word' id='word_1_99' title='bbox 236 951 420 1004; x_wconf 84' lang='lat' dir='ltr'>domine,</span> <span class='ocrx_word' id='word_1_100' title='bbox 453 950 533 991; x_wconf 90' lang='lat' dir='ltr'>soli</span> <span class='ocrx_word' id='word_1_101' title='bbox 566 951 755 992; x_wconf 90' lang='lat' dir='ltr'>omnium</span> <span class='ocrx_word' id='word_1_102' title='bbox 783 949 1017 992; x_wconf 84' lang='lat' dir='ltr'>Chaldaeus</span> <span class='ocrx_word' id='word_1_103' title='bbox 1051 950 1122 992; x_wconf 86' lang='lat' dir='ltr'>ille</span> <span class='ocrx_word' id='word_1_104' title='bbox 1149 966 1250 992; x_wconf 88' lang='lat' dir='ltr'>uera</span> <span class='ocrx_word' id='word_1_105' title='bbox 1277 952 1444 1006; x_wconf 79' lang='lat' dir='ltr'>dixerit,</span> 
     </span>
     <span class='ocr_line' id='line_1_16' title="bbox 47 1010 1068 1065; baseline -0.001 -14"><span class='ocrx_word' id='word_1_106' title='bbox 47 1027 81 1054; x_wconf 85' lang='lat'>15</span> <span class='ocrx_word' id='word_1_107' title='bbox 101 1010 242 1064; x_wconf 88' lang='lat' dir='ltr'>sisque</span> <span class='ocrx_word' id='word_1_108' title='bbox 274 1010 376 1051; x_wconf 82' lang='lat' dir='ltr'>felix</span> <span class='ocrx_word' id='word_1_109' title='bbox 409 1011 450 1050; x_wconf 83' lang='lat' dir='ltr'>et</span> <span class='ocrx_word' id='word_1_110' title='bbox 482 1010 562 1050; x_wconf 90' lang='lat' dir='ltr'>iter</span> <span class='ocrx_word' id='word_1_111' title='bbox 594 1010 814 1051; x_wconf 87' lang='lat' dir='ltr'>dexterum</span> <span class='ocrx_word' id='word_1_112' title='bbox 845 1010 1068 1065; x_wconf 87' lang='lat' dir='ltr'>porrigas.’</span> 
     </span>
    </p>

    <p class='ocr_par' dir='ltr' id='par_1_6' title="bbox 98 1067 1444 1300">
     <span class='ocr_line' id='line_1_17' title="bbox 186 1067 1443 1110; baseline 0.001 -1"><span class='ocrx_word' id='word_1_113' title='bbox 186 1068 278 1110; x_wconf 89' lang='lat' dir='ltr'>XV.</span> <span class='ocrx_word' id='word_1_114' title='bbox 322 1068 438 1110; x_wconf 84' lang='lat' dir='ltr'>Haec</span> <span class='ocrx_word' id='word_1_115' title='bbox 468 1067 626 1110; x_wconf 89' lang='lat' dir='ltr'>Milone</span> <span class='ocrx_word' id='word_1_116' title='bbox 659 1069 820 1110; x_wconf 88' lang='lat' dir='ltr'>diutine</span> <span class='ocrx_word' id='word_1_117' title='bbox 853 1069 1161 1110; x_wconf 86' lang='lat' dir='ltr'>sermocinante</span> <span class='ocrx_word' id='word_1_118' title='bbox 1193 1070 1347 1110; x_wconf 89' lang='lat' dir='ltr'>tacitus</span> <span class='ocrx_word' id='word_1_119' title='bbox 1384 1070 1443 1110; x_wconf 89' lang='lat' dir='ltr'>in-</span> 
     </span>
     <span class='ocr_line' id='line_1_18' title="bbox 99 1127 1443 1183; baseline 0.001 -15"><span class='ocrx_word' id='word_1_120' title='bbox 99 1128 389 1183; x_wconf 86' lang='lat' dir='ltr'>gemescebam</span> <span class='ocrx_word' id='word_1_121' title='bbox 408 1127 597 1182; x_wconf 89' lang='lat' dir='ltr'>mihique</span> <span class='ocrx_word' id='word_1_122' title='bbox 617 1143 702 1168; x_wconf 90' lang='lat' dir='ltr'>non</span> <span class='ocrx_word' id='word_1_123' title='bbox 722 1128 990 1169; x_wconf 87' lang='lat' dir='ltr'>mediocriter</span> <span class='ocrx_word' id='word_1_124' title='bbox 1010 1128 1307 1169; x_wconf 81' lang='lat' dir='ltr'>suscensebam</span> <span class='ocrx_word' id='word_1_125' title='bbox 1330 1129 1443 1183; x_wconf 89' lang='lat' dir='ltr'>quod</span> 
     </span>
     <span class='ocr_line' id='line_1_19' title="bbox 99 1186 1444 1241; baseline 0.001 -14"><span class='ocrx_word' id='word_1_126' title='bbox 99 1186 211 1228; x_wconf 88' lang='lat' dir='ltr'>ultro</span> <span class='ocrx_word' id='word_1_127' title='bbox 253 1187 425 1227; x_wconf 88' lang='lat' dir='ltr'>inducta</span> <span class='ocrx_word' id='word_1_128' title='bbox 465 1187 571 1227; x_wconf 87' lang='lat' dir='ltr'>serie</span> <span class='ocrx_word' id='word_1_129' title='bbox 609 1187 961 1240; x_wconf 89' lang='lat' dir='ltr'>inoportunarum</span> <span class='ocrx_word' id='word_1_130' title='bbox 999 1187 1240 1228; x_wconf 87' lang='lat' dir='ltr'>fabularum</span> <span class='ocrx_word' id='word_1_131' title='bbox 1279 1190 1444 1241; x_wconf 85' lang='lat' dir='ltr'>partem</span> 
     </span>
     <span class='ocr_line' id='line_1_20' title="bbox 98 1246 1443 1300; baseline 0.001 -14"><span class='ocrx_word' id='word_1_132' title='bbox 98 1246 253 1286; x_wconf 87' lang='lat' dir='ltr'>bonam</span> <span class='ocrx_word' id='word_1_133' title='bbox 273 1260 471 1300; x_wconf 85' lang='lat' dir='ltr'>uesperae</span> <span class='ocrx_word' id='word_1_134' title='bbox 493 1246 666 1300; x_wconf 88' lang='lat' dir='ltr'>eiusque</span> <span class='ocrx_word' id='word_1_135' title='bbox 686 1246 977 1300; x_wconf 88' lang='lat' dir='ltr'>gratissimum</span> <span class='ocrx_word' id='word_1_136' title='bbox 991 1246 1177 1287; x_wconf 86' lang='lat' dir='ltr'>fructum</span> <span class='ocrx_word' id='word_1_137' title='bbox 1192 1247 1443 1288; x_wconf 89' lang='lat' dir='ltr'>amitterem.</span> 
     </span>
    </p>

    <p class='ocr_par' dir='ltr' id='par_1_7' title="bbox 0 1304 1448 1951">
     <span class='ocr_line' id='line_1_21' title="bbox 43 1304 1446 1359; baseline 0 -12"><span class='ocrx_word' id='word_1_138' title='bbox 43 1324 80 1348; x_wconf 80' lang='lat'>20</span> <span class='ocrx_word' id='word_1_139' title='bbox 99 1308 141 1346; x_wconf 91' lang='lat' dir='ltr'>et</span> <span class='ocrx_word' id='word_1_140' title='bbox 160 1305 329 1346; x_wconf 87' lang='lat' dir='ltr'>tandem</span> <span class='ocrx_word' id='word_1_141' title='bbox 345 1305 522 1358; x_wconf 82' lang='lat' dir='ltr'>denique</span> <span class='ocrx_word' id='word_1_142' title='bbox 538 1305 739 1346; x_wconf 89' lang='lat' dir='ltr'>deuorato</span> <span class='ocrx_word' id='word_1_143' title='bbox 760 1305 919 1359; x_wconf 88' lang='lat' dir='ltr'>pudore</span> <span class='ocrx_word' id='word_1_144' title='bbox 947 1305 998 1345; x_wconf 89' lang='lat' dir='ltr'>ad</span> <span class='ocrx_word' id='word_1_145' title='bbox 1011 1304 1215 1346; x_wconf 90' lang='lat' dir='ltr'>Milonem</span> <span class='ocrx_word' id='word_1_146' title='bbox 1231 1306 1296 1346; x_wconf 92' lang='lat' dir='ltr'>aio</span> <span class='ocrx_word' id='word_1_147' title='bbox 1320 1306 1446 1347; x_wconf 61' lang='lat' dir='ltr'>‘ferat</span> 
     </span>
     <span class='ocr_line' id='line_1_22' title="bbox 0 1364 1443 1418; baseline 0.001 -14"><span class='ocrx_word' id='word_1_148' title='bbox 0 1378 1 1394; x_wconf 60' lang='lat'>¹</span> <span class='ocrx_word' id='word_1_149' title='bbox 99 1378 219 1405; x_wconf 90' lang='lat' dir='ltr'>suam</span> <span class='ocrx_word' id='word_1_150' title='bbox 256 1364 500 1418; x_wconf 88' lang='lat' dir='ltr'>Diophanes</span> <span class='ocrx_word' id='word_1_151' title='bbox 545 1364 616 1404; x_wconf 91' lang='lat' dir='ltr'>ille</span> <span class='ocrx_word' id='word_1_152' title='bbox 659 1364 875 1405; x_wconf 85' lang='lat' dir='ltr'>fortunam</span> <span class='ocrx_word' id='word_1_153' title='bbox 923 1367 965 1404; x_wconf 89' lang='lat' dir='ltr'>et</span> <span class='ocrx_word' id='word_1_154' title='bbox 1006 1364 1142 1418; x_wconf 90' lang='lat' dir='ltr'>spolia</span> <span class='ocrx_word' id='word_1_155' title='bbox 1184 1365 1443 1418; x_wconf 89' lang='lat' dir='ltr'>populorum</span> 
     </span>
     <span class='ocr_line' id='line_1_23' title="bbox 98 1423 1444 1476; baseline 0.001 -13"><span class='ocrx_word' id='word_1_156' title='bbox 98 1437 267 1464; x_wconf 89' lang='lat' dir='ltr'>rursum</span> <span class='ocrx_word' id='word_1_157' title='bbox 299 1423 488 1464; x_wconf 85' lang='lat' dir='ltr'>conferat</span> <span class='ocrx_word' id='word_1_158' title='bbox 519 1424 625 1463; x_wconf 89' lang='lat' dir='ltr'>mari</span> <span class='ocrx_word' id='word_1_159' title='bbox 651 1424 809 1476; x_wconf 88' lang='lat' dir='ltr'>pariter</span> <span class='ocrx_word' id='word_1_160' title='bbox 835 1438 881 1463; x_wconf 87' lang='lat' dir='ltr'>ac</span> <span class='ocrx_word' id='word_1_161' title='bbox 907 1426 1055 1476; x_wconf 83' lang='lat' dir='ltr'>terrae,</span> <span class='ocrx_word' id='word_1_162' title='bbox 1088 1423 1193 1463; x_wconf 89' lang='lat' dir='ltr'>mihi</span> <span class='ocrx_word' id='word_1_163' title='bbox 1220 1438 1320 1464; x_wconf 92' lang='lat' dir='ltr'>uero</span> <span class='ocrx_word' id='word_1_164' title='bbox 1350 1424 1444 1465; x_wconf 86' lang='lat' dir='ltr'>fati-</span> 
     </span>
     <span class='ocr_line' id='line_1_24' title="bbox 0 1481 1444 1537; baseline 0.001 -15"><span class='ocrx_word' id='word_1_165' title='bbox 0 1484 6 1522; x_wconf 77' lang='grc'>1</span> <span class='ocrx_word' id='word_1_166' title='bbox 99 1482 283 1537; x_wconf 89' lang='lat' dir='ltr'>gationis</span> <span class='ocrx_word' id='word_1_167' title='bbox 314 1481 534 1523; x_wconf 84' lang='lat' dir='ltr'>hesternae</span> <span class='ocrx_word' id='word_1_168' title='bbox 568 1482 695 1523; x_wconf 86' lang='lat' dir='ltr'>etiam</span> <span class='ocrx_word' id='word_1_169' title='bbox 726 1497 838 1523; x_wconf 88' lang='lat' dir='ltr'>nunc</span> <span class='ocrx_word' id='word_1_170' title='bbox 865 1483 1006 1523; x_wconf 91' lang='lat' dir='ltr'>saucio</span> <span class='ocrx_word' id='word_1_171' title='bbox 1038 1482 1089 1523; x_wconf 86' lang='lat' dir='ltr'>da</span> <span class='ocrx_word' id='word_1_172' title='bbox 1115 1483 1283 1523; x_wconf 89' lang='lat' dir='ltr'>ueniam</span> <span class='ocrx_word' id='word_1_173' title='bbox 1309 1486 1444 1524; x_wconf 86' lang='lat' dir='ltr'>matu-</span> 
     </span>
     <span class='ocr_line' id='line_1_25' title="bbox 98 1540 1444 1583; baseline 0.001 -2"><span class='ocrx_word' id='word_1_174' title='bbox 98 1541 186 1582; x_wconf 88' lang='lat' dir='ltr'>rius</span> <span class='ocrx_word' id='word_1_175' title='bbox 219 1540 444 1582; x_wconf 87' lang='lat' dir='ltr'>concedam</span> <span class='ocrx_word' id='word_1_176' title='bbox 476 1541 684 1582; x_wconf 86' lang='lat' dir='ltr'>cubitum&#39;</span> <span class='ocrx_word' id='word_1_177' title='bbox 716 1544 758 1582; x_wconf 90' lang='lat' dir='ltr'>et</span> <span class='ocrx_word' id='word_1_178' title='bbox 790 1555 886 1582; x_wconf 88' lang='lat' dir='ltr'>cum</span> <span class='ocrx_word' id='word_1_179' title='bbox 919 1541 1030 1582; x_wconf 89' lang='lat' dir='ltr'>dicto</span> <span class='ocrx_word' id='word_1_180' title='bbox 1063 1541 1224 1582; x_wconf 85' lang='lat' dir='ltr'>facesso</span> <span class='ocrx_word' id='word_1_181' title='bbox 1258 1544 1300 1582; x_wconf 92' lang='lat' dir='ltr'>et</span> <span class='ocrx_word' id='word_1_182' title='bbox 1331 1543 1444 1583; x_wconf 86' lang='grc'>011111-</span> 
     </span>
     <span class='ocr_line' id='line_1_26' title="bbox 43 1599 1443 1654; baseline 0 -12"><span class='ocrx_word' id='word_1_183' title='bbox 43 1617 79 1643; x_wconf 81' lang='lat'>25</span> <span class='ocrx_word' id='word_1_184' title='bbox 99 1599 240 1641; x_wconf 82' lang='lat' dir='ltr'>culum</span> <span class='ocrx_word' id='word_1_185' title='bbox 265 1614 406 1640; x_wconf 89' lang='lat' dir='ltr'>meum</span> <span class='ocrx_word' id='word_1_186' title='bbox 432 1600 638 1641; x_wconf 89' lang='lat' dir='ltr'>contendo</span> <span class='ocrx_word' id='word_1_187' title='bbox 667 1602 792 1654; x_wconf 82' lang='lat' dir='ltr'>atque</span> <span class='ocrx_word' id='word_1_188' title='bbox 812 1600 900 1641; x_wconf 89' lang='lat' dir='ltr'>illic</span> <span class='ocrx_word' id='word_1_189' title='bbox 927 1600 1191 1654; x_wconf 88' lang='lat' dir='ltr'>deprehendo</span> <span class='ocrx_word' id='word_1_190' title='bbox 1223 1601 1443 1654; x_wconf 89' lang='lat' dir='ltr'>epularum</span> 
     </span>
     <span class='ocr_line' id='line_1_27' title="bbox 0 1659 1443 1714; baseline 0.001 -14"><span class='ocrx_word' id='word_1_191' title='bbox 0 1683 6 1701; x_wconf 77' lang='lat'>1.</span> <span class='ocrx_word' id='word_1_192' title='bbox 99 1659 396 1713; x_wconf 85' lang='lat' dir='ltr'>dispositiones</span> <span class='ocrx_word' id='word_1_193' title='bbox 441 1659 544 1699; x_wconf 89' lang='lat' dir='ltr'>satis</span> <span class='ocrx_word' id='word_1_194' title='bbox 587 1659 825 1700; x_wconf 87' lang='lat' dir='ltr'>concinnas.</span> <span class='ocrx_word' id='word_1_195' title='bbox 905 1674 1003 1700; x_wconf 88' lang='lat' dir='ltr'>nam</span> <span class='ocrx_word' id='word_1_196' title='bbox 1047 1662 1089 1700; x_wconf 83' lang='lat' dir='ltr'>et</span> <span class='ocrx_word' id='word_1_197' title='bbox 1129 1660 1272 1714; x_wconf 88' lang='lat' dir='ltr'>pueris</span> <span class='ocrx_word' id='word_1_198' title='bbox 1323 1663 1443 1702; x_wconf 79' lang='lat' dir='ltr'>extra</span> 
     </span>
     <span class='ocr_line' id='line_1_28' title="bbox 97 1718 1443 1774; baseline 0.001 -16"><span class='ocrx_word' id='word_1_199' title='bbox 97 1718 238 1772; x_wconf 77' lang='lat' dir='ltr'>limen,</span> <span class='ocrx_word' id='word_1_200' title='bbox 270 1718 392 1759; x_wconf 91' lang='lat' dir='ltr'>credo</span> <span class='ocrx_word' id='word_1_201' title='bbox 419 1721 467 1759; x_wconf 84' lang='lat' dir='ltr'>ut</span> <span class='ocrx_word' id='word_1_202' title='bbox 493 1718 669 1759; x_wconf 86' lang='lat' dir='ltr'>arbitrio</span> <span class='ocrx_word' id='word_1_203' title='bbox 690 1719 888 1759; x_wconf 80' lang='lat' dir='ltr'>nocturni</span> <span class='ocrx_word' id='word_1_204' title='bbox 909 1719 1109 1773; x_wconf 86' lang='lat' dir='ltr'>gannitus</span> <span class='ocrx_word' id='word_1_205' title='bbox 1131 1719 1443 1774; x_wconf 84' lang='lat' dir='ltr'>ablegarentur,</span> 
     </span>
     <span class='ocr_line' id='line_1_29' title="bbox 98 1776 1445 1832; baseline 0.001 -15"><span class='ocrx_word' id='word_1_206' title='bbox 98 1776 217 1818; x_wconf 88' lang='lat' dir='ltr'>humi</span> <span class='ocrx_word' id='word_1_207' title='bbox 258 1792 385 1831; x_wconf 88' lang='lat' dir='ltr'>quam</span> <span class='ocrx_word' id='word_1_208' title='bbox 425 1777 573 1831; x_wconf 87' lang='lat' dir='ltr'>procul</span> <span class='ocrx_word' id='word_1_209' title='bbox 617 1777 843 1818; x_wconf 86' lang='lat' dir='ltr'>distratum</span> <span class='ocrx_word' id='word_1_210' title='bbox 886 1777 1025 1818; x_wconf 87' lang='lat' dir='ltr'>fuerat</span> <span class='ocrx_word' id='word_1_211' title='bbox 1069 1781 1111 1819; x_wconf 93' lang='lat' dir='ltr'>et</span> <span class='ocrx_word' id='word_1_212' title='bbox 1157 1778 1445 1832; x_wconf 71' lang='lat' dir='ltr'>grabattulum</span> 
     </span>
     <span class='ocr_line' id='line_1_30' title="bbox 98 1836 1444 1892; baseline 0.001 -15"><span class='ocrx_word' id='word_1_213' title='bbox 98 1851 239 1877; x_wconf 89' lang='lat' dir='ltr'>meum</span> <span class='ocrx_word' id='word_1_214' title='bbox 271 1836 438 1878; x_wconf 88' lang='lat' dir='ltr'>adstitit</span> <span class='ocrx_word' id='word_1_215' title='bbox 469 1836 661 1877; x_wconf 88' lang='lat' dir='ltr'>mensula</span> <span class='ocrx_word' id='word_1_216' title='bbox 693 1851 817 1878; x_wconf 88' lang='lat' dir='ltr'>cenae</span> <span class='ocrx_word' id='word_1_217' title='bbox 849 1837 982 1877; x_wconf 85' lang='lat' dir='ltr'>totius</span> <span class='ocrx_word' id='word_1_218' title='bbox 1013 1836 1215 1878; x_wconf 89' lang='lat' dir='ltr'>honestas</span> <span class='ocrx_word' id='word_1_219' title='bbox 1242 1837 1444 1892; x_wconf 84' lang='lat' dir='ltr'>reliquias</span> 
     </span>
     <span class='ocr_line' id='line_1_31' title="bbox 47 1895 1448 1951; baseline 0.001 -14"><span class='ocrx_word' id='word_1_220' title='bbox 47 1912 83 1937; x_wconf 87' lang='lat'>30</span> <span class='ocrx_word' id='word_1_221' title='bbox 102 1895 287 1936; x_wconf 89' lang='lat' dir='ltr'>tolerans</span> <span class='ocrx_word' id='word_1_222' title='bbox 328 1898 370 1936; x_wconf 92' lang='lat' dir='ltr'>et</span> <span class='ocrx_word' id='word_1_223' title='bbox 408 1895 557 1937; x_wconf 90' lang='lat' dir='ltr'>calices</span> <span class='ocrx_word' id='word_1_224' title='bbox 593 1896 712 1950; x_wconf 87' lang='grc'>110111,</span> <span class='ocrx_word' id='word_1_225' title='bbox 750 1896 834 1937; x_wconf 89' lang='grc'>13111</span> <span class='ocrx_word' id='word_1_226' title='bbox 872 1896 1013 1936; x_wconf 88' lang='lat' dir='ltr'>infuso</span> <span class='ocrx_word' id='word_1_227' title='bbox 1051 1896 1175 1938; x_wconf 84' lang='lat' dir='ltr'>latice</span> <span class='ocrx_word' id='word_1_228' title='bbox 1214 1896 1448 1951; x_wconf 80' lang='lat' dir='ltr'>semipleni,</span> 
     </span>
    </p>
   </div>
   <div class='ocr_carea' id='block_1_3' title="bbox 0 217 9 1733">
    <p class='ocr_par' dir='ltr' id='par_1_8' title="bbox 0 217 9 1733">
     <span class='ocr_line' id='line_1_32' title="bbox 0 217 9 1733; baseline 0 0"><span class='ocrx_word' id='word_1_229' title='bbox 0 217 9 1733; x_wconf 95' lang='lat' dir='ltr'> </span> 
     </span>
    </p>
   </div>
   <div class='ocr_carea' id='block_1_4' title="bbox 0 217 9 1733">
    <p class='ocr_par' dir='ltr' id='par_1_9' title="bbox 0 217 9 1733">
     <span class='ocr_line' id='line_1_33' title="bbox 0 217 9 1733; baseline 0 0"><span class='ocrx_word' id='word_1_230' title='bbox 0 217 9 1733; x_wconf 95' lang='lat' dir='ltr'> </span> 
     </span>
    </p>
   </div>
   <div class='ocr_carea' id='block_1_5' title="bbox 0 217 9 1733">
    <p class='ocr_par' dir='ltr' id='par_1_10' title="bbox 0 217 9 1733">
     <span class='ocr_line' id='line_1_34' title="bbox 0 217 9 1733; baseline 0 0"><span class='ocrx_word' id='word_1_231' title='bbox 0 217 9 1733; x_wconf 95' lang='lat' dir='ltr'> </span> 
     </span>
    </p>
   </div>
   <div class='ocr_carea' id='block_1_6' title="bbox 0 217 9 1733">
    <p class='ocr_par' dir='ltr' id='par_1_11' title="bbox 0 217 9 1733">
     <span class='ocr_line' id='line_1_35' title="bbox 0 217 9 1733; baseline 0 0"><span class='ocrx_word' id='word_1_232' title='bbox 0 217 9 1733; x_wconf 95' lang='lat' dir='ltr'> </span> 
     </span>
    </p>
   </div>
   <div class='ocr_carea' id='block_1_7' title="bbox 0 217 7 1890">
    <p class='ocr_par' dir='ltr' id='par_1_12' title="bbox 0 217 7 1890">
     <span class='ocr_line' id='line_1_36' title="bbox 0 217 7 1890; baseline 0 0"><span class='ocrx_word' id='word_1_233' title='bbox 0 217 7 1890; x_wconf 95' lang='lat' dir='ltr'> </span> 
     </span>
    </p>
   </div>
   <div class='ocr_carea' id='block_1_8' title="bbox 102 2022 1448 2115">
    <p class='ocr_par' dir='ltr' id='par_1_13' title="bbox 102 2022 1448 2115">
     <span class='ocr_line' id='line_1_37' title="bbox 197 2022 1448 2069; baseline 0.001 -12"><span class='ocrx_word' id='word_1_234' title='bbox 197 2027 216 2057; x_wconf 88' lang='grc'>6</span> <span class='ocrx_word' id='word_1_235' title='bbox 249 2022 451 2068; x_wconf 88' lang='lat' dir='ltr'>Arignotus</span> <span class='ocrx_word' id='word_1_236' title='bbox 477 2024 731 2069; x_wconf 63' lang='lat' dir='ltr'>Jmmermann</span> <span class='ocrx_word' id='word_1_237' title='bbox 756 2023 942 2058; x_wconf 80' lang='lat' dir='ltr'>arisnotus</span> <span class='ocrx_word' id='word_1_238' title='bbox 969 2024 1032 2068; x_wconf 76' lang='lat' dir='ltr'>Fq&gt;</span> <span class='ocrx_word' id='word_1_239' title='bbox 1067 2022 1220 2059; x_wconf 63' lang='lat' dir='ltr'>‘trisnor&#39;</span> <span class='ocrx_word' id='word_1_240' title='bbox 1249 2037 1293 2059; x_wconf 81' lang='lat' dir='ltr'>m.</span> <span class='ocrx_word' id='word_1_241' title='bbox 1322 2038 1348 2069; x_wconf 84' lang='grc' dir='ltr'><strong>φ</strong></span> <span class='ocrx_word' id='word_1_242' title='bbox 1389 2024 1448 2058; x_wconf 86' lang='grc'>0111</span> 
     </span>
     <span class='ocr_line' id='line_1_38' title="bbox 102 2070 1445 2115; baseline 0.001 -11"><span class='ocrx_word' id='word_1_243' title='bbox 102 2080 236 2104; x_wconf 88' lang='lat' dir='ltr'>nomen</span> <span class='ocrx_word' id='word_1_244' title='bbox 280 2073 336 2105; x_wconf 86' lang='lat' dir='ltr'>est</span> <span class='ocrx_word' id='word_1_245' title='bbox 380 2070 565 2105; x_wconf 88' lang='lat' dir='ltr'>arisnotus</span> <span class='ocrx_word' id='word_1_246' title='bbox 609 2072 632 2105; x_wconf 81' lang='grc' dir='ltr'><em>δ</em></span> <span class='ocrx_word' id='word_1_247' title='bbox 753 2075 794 2104; x_wconf 92' lang='grc'>11</span> <span class='ocrx_word' id='word_1_248' title='bbox 840 2070 1071 2115; x_wconf 88' lang='lat' dir='ltr'>impudentie</span> <span class='ocrx_word' id='word_1_249' title='bbox 1115 2072 1194 2106; x_wconf 78' lang='lat' dir='ltr'>edd.</span> <span class='ocrx_word' id='word_1_250' title='bbox 1241 2073 1284 2115; x_wconf 78' lang='lat' dir='ltr'>cf.</span> <span class='ocrx_word' id='word_1_251' title='bbox 1327 2076 1403 2106; x_wconf 82' lang='lat'>139.</span> <span class='ocrx_word' id='word_1_252' title='bbox 1427 2076 1445 2106; x_wconf 84' lang='grc'>8</span> 
     </span>
    </p>
   </div>
   <div class='ocr_carea' id='block_1_9' title="bbox 104 2119 1449 2235">
    <p class='ocr_par' dir='ltr' id='par_1_14' title="bbox 104 2119 1449 2235">
     <span class='ocr_line' id='line_1_39' title="bbox 107 2119 1448 2187; baseline 0.001 -12"><span class='ocrx_word' id='word_1_253' title='bbox 107 2144 149 2174; x_wconf 77' lang='grc'>12</span> <span class='ocrx_word' id='word_1_254' title='bbox 175 2143 342 2176; x_wconf 85' lang='lat' dir='ltr'>astantes</span> <span class='ocrx_word' id='word_1_255' title='bbox 363 2155 390 2185; x_wconf 84' lang='grc' dir='ltr'>φ</span> <span class='ocrx_word' id='word_1_256' title='bbox 466 2145 509 2176; x_wconf 85' lang='grc'>13</span> <span class='ocrx_word' id='word_1_257' title='bbox 530 2119 680 2176; x_wconf 50' lang='lat' dir='ltr'>calistum</span> <span class='ocrx_word' id='word_1_258' title='bbox 699 2155 726 2185; x_wconf 89' lang='grc' dir='ltr'>φ</span> <span class='ocrx_word' id='word_1_259' title='bbox 753 2144 855 2186; x_wconf 81' lang='lat' dir='ltr'>(corr.</span> <span class='ocrx_word' id='word_1_260' title='bbox 871 2154 914 2176; x_wconf 83' lang='lat' dir='ltr'>m.</span> <span class='ocrx_word' id='word_1_261' title='bbox 932 2143 1012 2186; x_wconf 77' lang='lat' dir='ltr'>rec.)</span> <span class='ocrx_word' id='word_1_262' title='bbox 1088 2145 1130 2176; x_wconf 84' lang='lat'>17</span> <span class='ocrx_word' id='word_1_263' title='bbox 1156 2142 1448 2187; x_wconf 83' lang='lat' dir='ltr'>ingemiscebam</span> 
     </span>
     <span class='ocr_line' id='line_1_40' title="bbox 104 2187 1449 2235; baseline 0.001 -14"><span class='ocrx_word' id='word_1_264' title='bbox 104 2187 180 2222; x_wconf 82' lang='grc' dir='ltr'>δΕ.</span> <span class='ocrx_word' id='word_1_265' title='bbox 257 2192 300 2223; x_wconf 83' lang='grc'>18</span> <span class='ocrx_word' id='word_1_266' title='bbox 320 2188 434 2235; x_wconf 86' lang='lat' dir='ltr'>ultro]</span> <span class='ocrx_word' id='word_1_267' title='bbox 455 2189 554 2223; x_wconf 88' lang='lat' dir='ltr'>ultra</span> <span class='ocrx_word' id='word_1_268' title='bbox 574 2189 651 2224; x_wconf 77' lang='lat' dir='ltr'>edd.</span> <span class='ocrx_word' id='word_1_269' title='bbox 725 2192 768 2222; x_wconf 80' lang='lat'>26</span> <span class='ocrx_word' id='word_1_270' title='bbox 788 2189 912 2234; x_wconf 80' lang='lat' dir='ltr'>pueris</span> <span class='ocrx_word' id='word_1_271' title='bbox 933 2193 988 2224; x_wconf 84' lang='lat'>38.</span> <span class='ocrx_word' id='word_1_272' title='bbox 1005 2193 1041 2233; x_wconf 68' lang='grc' dir='ltr'>’ἴς</span> <span class='ocrx_word' id='word_1_273' title='bbox 1062 2192 1118 2225; x_wconf 83' lang='lat'>43.</span> <span class='ocrx_word' id='word_1_274' title='bbox 1134 2193 1195 2233; x_wconf 75' lang='lat'>303</span> <span class='ocrx_word' id='word_1_275' title='bbox 1219 2193 1296 2223; x_wconf 79' lang='lat'>118.</span> <span class='ocrx_word' id='word_1_276' title='bbox 1313 2194 1332 2223; x_wconf 80' lang='grc'>8</span> <span class='ocrx_word' id='word_1_277' title='bbox 1354 2201 1449 2224; x_wconf 72' lang='lat' dir='ltr'>unns</span> 
     </span>
    </p>
   </div>
   <div class='ocr_carea' id='block_1_10' title="bbox 104 2245 1453 2364">
    <p class='ocr_par' dir='ltr' id='par_1_15' title="bbox 104 2245 1453 2364">
     <span class='ocr_line' id='line_1_41' title="bbox 104 2245 1453 2318; baseline 0.001 -14"><span class='ocrx_word' id='word_1_278' title='bbox 104 2271 206 2305; x_wconf 84' lang='lat' dir='ltr'>modo</span> <span class='ocrx_word' id='word_1_279' title='bbox 225 2282 350 2306; x_wconf 72' lang='lat' dir='ltr'>seruus</span> <span class='ocrx_word' id='word_1_280' title='bbox 368 2271 478 2306; x_wconf 63' lang='lat' dir='ltr'>Lucia?</span> <span class='ocrx_word' id='word_1_281' title='bbox 491 2275 717 2314; x_wconf 75' lang='lat' dir='ltr'>memoratur,</span> <span class='ocrx_word' id='word_1_282' title='bbox 733 2273 857 2315; x_wconf 69' lang='lat' dir='ltr'>plnres</span> <span class='ocrx_word' id='word_1_283' title='bbox 875 2282 960 2307; x_wconf 76' lang='lat' dir='ltr'>uero</span> <span class='ocrx_word' id='word_1_284' title='bbox 980 2276 1058 2307; x_wconf 74' lang='lat'><strong>217.</strong></span> <span class='ocrx_word' id='word_1_285' title='bbox 1076 2276 1118 2306; x_wconf 85' lang='grc'>16</span> <span class='ocrx_word' id='word_1_286' title='bbox 1193 2276 1236 2306; x_wconf 75' lang='lat'>28</span> <span class='ocrx_word' id='word_1_287' title='bbox 1265 2245 1453 2318; x_wconf 42' lang='lat' dir='ltr'>distrarsfis</span> 
     </span>
     <span class='ocr_line' id='line_1_42' title="bbox 108 2318 1446 2364; baseline 0.002 -14"><span class='ocrx_word' id='word_1_288' title='bbox 108 2318 303 2362; x_wconf 69' lang='lat' dir='ltr'>(uiryulam</span> <span class='ocrx_word' id='word_1_289' title='bbox 322 2319 405 2353; x_wconf 73' lang='lat' dir='ltr'>cedd.</span> <span class='ocrx_word' id='word_1_290' title='bbox 422 2331 464 2353; x_wconf 82' lang='lat' dir='ltr'>m.</span> <span class='ocrx_word' id='word_1_291' title='bbox 485 2332 514 2355; x_wconf 77' lang='lat' dir='ltr'>r.</span> <span class='ocrx_word' id='word_1_292' title='bbox 534 2332 556 2354; x_wconf 80' lang='grc' dir='ltr'><strong>τ</strong></span> <span class='ocrx_word' id='word_1_293' title='bbox 575 2330 639 2354; x_wconf 73' lang='lat' dir='ltr'>scr.</span> <span class='ocrx_word' id='word_1_294' title='bbox 657 2330 698 2353; x_wconf 82' lang='lat' dir='ltr'>m.</span> <span class='ocrx_word' id='word_1_295' title='bbox 710 2320 782 2363; x_wconf 75' lang='lat' dir='ltr'>pr.)</span> <span class='ocrx_word' id='word_1_296' title='bbox 802 2318 829 2352; x_wconf 79' lang='lat' dir='ltr'>F</span> <span class='ocrx_word' id='word_1_297' title='bbox 867 2318 1054 2363; x_wconf 58' lang='lat' dir='ltr'>distractu</span> <span class='ocrx_word' id='word_1_298' title='bbox 1076 2333 1102 2364; x_wconf 81' lang='grc' dir='ltr'>φ</span> <span class='ocrx_word' id='word_1_299' title='bbox 1175 2323 1219 2353; x_wconf 84' lang='grc'>30</span> <span class='ocrx_word' id='word_1_300' title='bbox 1244 2319 1323 2353; x_wconf 84' lang='grc'>111111</span> <span class='ocrx_word' id='word_1_301' title='bbox 1344 2319 1446 2364; x_wconf 63' lang='grc' dir='ltr'><em>Εῖρς.</em></span> 
     </span>
    </p>
   </div>
   <div class='ocr_carea' id='block_1_11' title="bbox 180 2382 1166 2411">
    <p class='ocr_par' dir='ltr' id='par_1_16' title="bbox 180 2382 1166 2411">
     <span class='ocr_line' id='line_1_43' title="bbox 180 2382 1166 2411; baseline 0.004 -4"><span class='ocrx_word' id='word_1_302' title='bbox 180 2382 308 2408; x_wconf 66' lang='lat' dir='ltr'>Apum</span> <span class='ocrx_word' id='word_1_303' title='bbox 327 2390 448 2410; x_wconf 56' lang='lat' dir='ltr'>amram.</span> <span class='ocrx_word' id='word_1_304' title='bbox 469 2385 514 2410; x_wconf 82' lang='lat' dir='ltr'>ed.</span> <span class='ocrx_word' id='word_1_305' title='bbox 534 2384 640 2410; x_wconf 76' lang='lat' dir='ltr'>Vliet</span> <span class='ocrx_word' id='word_1_306' title='bbox 1147 2382 1166 2411; x_wconf 83' lang='lat'><strong>3</strong></span> 
     </span>
    </p>
   </div>
  </div>
 </body>
</html>
