1591 2556
101 122 156 164 38
678 123 808 158 LIBRI
834 123 866 157 11

100 234 207 274 quae
257 234 352 260 eum
402 220 665 262 adjuratione
709 235 808 262 suae
849 220 998 261 salutis
1045 220 1222 275 ingratis
1267 221 1444 276 cogebat

100 279 231 331 effari,
262 278 439 332 perfecit
471 281 519 320 ut
548 279 688 320 uellet.

187 336 300 378 XXI.
361 337 425 379 Ac
452 338 511 379 sic
543 338 757 393 aggeratis
789 338 834 378 in
866 338 1081 379 cumulum
1120 338 1322 393 stragulis
1361 338 1441 393 [et]

99 396 271 438 effultus
309 397 639 451 suberectusque
676 398 722 438 in
753 397 931 438 cubitum
971 397 1034 451 [in
1066 397 1226 452 torum]
1259 398 1441 453 porrigit

99 455 315 496 dexteram
350 459 391 497 et
423 456 475 496 ad
512 456 646 496 instar
684 458 899 496 oratorum
938 456 1175 497 conformat
1214 456 1440 498 articulum
1460 473 1476 499 5

99 513 349 569 duobusque
382 515 539 555 infimis
565 514 775 555 conclusis
803 514 949 569 digitis
976 517 1135 556 ceteros
1162 516 1324 558 eminus
1348 530 1440 570 por-

97 573 237 628 rigens
269 576 311 615 et
342 574 497 615 infesto
529 573 681 627 pollice
714 573 937 628 subrigens
967 573 1177 615 clementer
1209 575 1305 615 infit
1336 574 1440 616 The-

97 631 281 686 lyphron

187 690 399 745 ‘Pupillus
420 705 498 746 ego
518 691 667 732 Mileto
688 691 903 745 profectus
924 691 976 731 ad
996 691 1283 745 spectaculum
1299 690 1440 745 Olym-

98 750 260 804 picum,
298 765 394 791 cum
432 750 535 791 haec
567 751 695 792 etiam
736 750 829 791 loca
859 750 1103 804 prouinciae
1135 750 1440 806 famigerabilis
1461 769 1495 793 10

97 809 212 850 adire
239 824 447 863 cuperem,
472 812 696 864 peragrata
720 812 872 850 cuncta
890 809 1110 850 Thessalia
1133 809 1264 851 fuscis
1292 810 1441 851 auibus

97 867 312 909 Larissam
345 869 511 910 accessi.
581 883 628 910 ac
660 868 759 909 dum
793 868 961 924 singula
992 883 1231 923 pererrans,
1268 871 1441 911 tenuato

99 927 326 968 admodum
358 927 534 981 uiatico,
571 928 814 981 paupertati
852 942 968 968 meae
1005 927 1194 968 fomenta
1226 928 1442 983 conquiro,

97 986 318 1040 conspicor
354 986 494 1028 medio
526 986 618 1028 foro
652 1001 873 1041 procerum
917 987 1125 1040 quendam
1164 1002 1317 1028 senem.
1380 987 1440 1028 in-

96 1045 275 1086 sistebat
305 1045 490 1099 lapidem
516 1045 711 1099 claraque
738 1060 840 1087 uoce
873 1045 1155 1099 praedicabat,
1188 1046 1300 1100 siqui
1332 1061 1440 1088 mor·
1462 1063 1494 1089 15

96 1107 218 1145 tuum
250 1119 419 1145 seruare
451 1104 592 1159 uellet,
625 1105 674 1145 de
705 1105 843 1158 pretio
875 1105 1083 1146 liceretur.
1140 1107 1182 1145 et
1214 1105 1266 1145 ad
1299 1120 1440 1159 quem-

95 1164 211 1217 piam
248 1164 609 1217 praetereuntium
647 1163 766 1217 equid
802 1163 898 1204 hoc'
942 1164 1116 1218 inquam
1154 1163 1440 1218 ‘comperior‘?

96 1222 236 1264 hicine
268 1223 426 1264 mortui
458 1222 596 1264 solent
628 1222 878 1277 aufugere?

187 1281 326 1322 ‘Tace'
364 1282 584 1336 respondit
622 1281 703 1322 ille.
767 1281 879 1322 ‘nam
918 1281 1072 1335 oppido
1111 1296 1217 1335 puer
1255 1284 1296 1323 et
1337 1282 1440 1323 satis

95 1340 344 1396 peregrinus
383 1355 426 1382 es
464 1341 699 1395 meritoque
731 1341 902 1395 ignoras
940 1340 1182 1381 Thessaliae
1226 1342 1268 1382 te
1307 1341 1440 1382 consi·
1460 1359 1494 1384 20

96 1402 218 1453 stem,
244 1399 319 1440 ubi
344 1414 469 1455 sagae
489 1400 687 1441 mulieres
708 1415 781 1441 ora
806 1402 1071 1441 mortuorum
1096 1400 1254 1453 passim
1281 1400 1440 1441 demor-

96 1459 239 1512 sitaut,
271 1473 402 1512 eaque
435 1462 534 1499 sunt
566 1458 650 1499 illis
683 1459 785 1499 artis
817 1459 1004 1513 magicae
1037 1458 1358 1512 supplementa.'

185 1516 321 1558 XXII.
364 1517 521 1558 Contra
547 1531 624 1572 ego
658 1518 715 1558 ‘et
748 1532 866 1572 quae,
897 1517 960 1558 tu'
993 1517 1165 1571 inquam
1199 1517 1281 1559 edic
1307 1517 1441 1571 sodes,

97 1576 315 1618 custodela
335 1576 407 1617 illa
426 1576 614 1618 feralis?’
647 1577 746 1617 eiam
766 1576 967 1631 primum’
994 1576 1212 1630 respondit
1237 1576 1308 1618 ille
1335 1576 1440 1631 ‘per-

96 1638 236 1690 petem
280 1638 447 1677 noctem
492 1635 644 1677 eximie
688 1636 952 1691 uigilandum
997 1637 1061 1676 est
1101 1635 1257 1676 exertis
1302 1638 1344 1676 et
1381 1635 1440 1676 in·
1461 1653 1494 1678 25

98 1695 262 1736 coniuis
307 1694 440 1736 oculis
484 1710 649 1749 semper
693 1695 736 1735 in
780 1695 958 1736 cadauer
998 1694 1174 1735 intentis
1214 1709 1290 1735 nec
1331 1694 1440 1736 acies

97 1769 277 1809 usquam
298 1754 563 1808 deuertenda7
584 1754 713 1794 immo
734 1769 785 1794 ne
806 1753 1061 1808 obliquanda
1082 1753 1265 1807 quidem,
1285 1753 1440 1808 quippe

99 1828 194 1855 cum
228 1813 476 1855 deterrimae
508 1813 755 1867 uersipelles
789 1813 832 1854 in
859 1813 1039 1867 quoduis
1067 1812 1223 1853 animal
1249 1827 1320 1854 ore
1346 1826 1440 1853 con-

193 1980 213 2010 3
241 1977 310 2022 [et]
335 1977 457 2012 seclus.
484 1977 544 2011 ΒΖ,
642 1980 663 2010 4
691 1974 839 2010 effultus
860 1976 937 2010 Pet.
958 1976 1018 2010 ΒΖ.
1039 1975 1082 2018 cf.
1105 1975 1206 2020 Verq.
1223 1974 1312 2009 Aen.
1331 1979 1360 2010 7.
1377 1980 1439 2018 943

99 2027 130 2058 8.
147 2027 231 2066 368;
266 2023 434 2058 Martz'al.
464 2027 494 2058 3.
511 2027 600 2058 827
723 2022 1011 2066 suberectusque
1042 2022 1082 2056 in
1114 2021 1281 2056 cubitum
1310 2023 1441 2067 scripsi

98 2070 154 2116 [in
177 2071 316 2116 torum]
347 2071 476 2106 seclusi
506 2069 645 2105 effultis
671 2069 710 2103 in
737 2069 904 2104 cubitum
929 2069 1216 2113 suberectusque
1247 2068 1287 2102 in
1316 2071 1440 2104 torum

98 2119 176 2153 cdd.
340 2121 359 2151 6
399 2117 563 2152 eminens
601 2117 665 2161 an
704 2118 762 2162 (m.
802 2125 831 2159 φ
870 2128 898 2152 c.
939 2115 1064 2160 emiii.)
1101 2128 1126 2161 g
1175 2115 1378 2151 eminentes
1417 2118 1440 2152 δ

99 2169 130 2200 6.
148 2168 166 2199 7
191 2164 384 2209 porrigens
405 2178 432 2208 φ
457 2163 616 2209 porrigit
636 2166 738 2208 (corr.
758 2168 800 2198 ut
818 2165 894 2199 uid.
915 2175 959 2199 ea:
977 2163 1156 2208 porriget)
1182 2163 1241 2197 Fa
1308 2166 1327 2197 7
1354 2164 1441 2198 sub-

98 2212 222 2257 rigens
242 2212 370 2256 Fq26g
396 2212 590 2246 subridens
615 2211 655 2245 E.
754 2211 954 2246 clementer
978 2210 1061 2245 infit
1085 2211 1215 2255 scripsi
1239 2211 1284 2254 cf.
1306 2214 1438 2254 93.12;

101 2263 179 2294 116.
196 2263 238 2293 13
258 2264 291 2294 et
310 2262 364 2294 80.
381 2262 425 2293 22
452 2258 653 2293 clementer
673 2258 866 2303 subrigens
887 2258 963 2302 Fq).
989 2258 1048 2292 De
1066 2261 1137 2293 toto
1158 2258 1230 2292 loco
1256 2258 1301 2300 ef.
1317 2258 1438 2303 Luetj.

97 2318 132 2351 p.
147 2310 227 2351 451,
258 2306 411 2352 Quintil.
429 2310 483 2358 11..
495 2309 526 2340 3
540 2309 600 2350 983
629 2305 796 2359 Fulyeqnt.
818 2306 918 2351 Ver-9.
942 2305 1081 2358 Gontin.
1105 2317 1142 2349 p.
1165 2308 1231 2338 143
1258 2305 1438 2349 (Mumek.)

98 2353 266 2388 thlesron
291 2353 354 2397 Fcp
387 2352 522 2388 thehro
550 2354 572 2387 ὃ
647 2356 700 2387 21.
718 2357 761 2386 22
795 2353 1045 2387 demorswant
1071 2353 1093 2386 ὃ
1123 2352 1169 2394 cf.
1192 2355 1299 2396 24.1;
1322 2355 1376 2387 53.
1393 2356 1437 2386 20
