1591 2556
165 99 251 140 236
748 99 876 133 LIBRI
901 99 934 133 X

166 195 278 236 forte
310 195 398 236 sine
430 195 636 250 magistro
662 194 848 236 humano
874 195 959 235 ritu
986 194 1150 236 ederem
1182 194 1394 250 pleraque,
1424 194 1506 236 rati
1550 215 1552 218 ·
1583 198 1584 201 ’

168 269 365 295 scaeuum
390 254 658 308 praesagium
690 254 1093 308 portendere<rem>,
1117 253 1236 295 uelut
1266 256 1506 295 monstrum

169 313 226 367 [p.
244 312 422 368 193.E.]
451 315 749 367 ostentumque
775 328 842 354 me
869 313 1167 354 obtruncatum
1193 312 1394 354 uulturiis
1419 313 1505 367 opi-

167 387 284 413 mum
322 372 526 426 pabulum
564 371 796 413 redderent.
841 372 1009 426 iamque
1040 386 1185 413 rumor
1214 371 1382 426 publice
1423 386 1505 413 cre—

166 431 340 472 bruerat
360 445 442 485 quo
464 433 735 485 conspectum
756 434 882 485 atque
907 430 1241 485 famigerabilem
1262 431 1367 472 meis
1385 430 1505 471 miris

168 490 330 531 artibus
363 490 582 531 effeceram
620 489 854 531 dominum:
886 489 955 531 hic
988 493 1052 531 est
1083 490 1155 544 qui
1194 489 1381 531 sodalem
1413 503 1506 531 con·

166 549 394 603 uiuamque
420 548 610 602 possidet
630 549 807 603 asinum,
831 549 1063 590 luctantem
1083 549 1262 603 asinum,
1281 548 1506 590 saltantem

168 608 346 661 asinum,
365 608 587 662 <asinum>
607 622 731 649 uoces
756 607 963 649 humanas
991 607 1318 663 intellegentem,
1337 621 1506 648 sensum

167 666 342 707 nutibus
375 667 692 720 exprimentem.

255 724 415 766 XVIII.
455 724 537 767 Sed
574 726 692 779 prius
725 729 788 767 est
819 728 867 766 ut
897 725 1039 779 uobis,
1071 725 1184 779 quod
1215 725 1338 766 initio
1369 725 1505 766 facere

168 784 405 838 debueram,
437 784 505 825 uel
538 799 649 826 nunc
676 785 825 826 saltem
851 784 1042 838 referam,
1075 784 1169 838 quis
1196 785 1275 825 iste
1302 783 1371 825 uel
1395 783 1506 825 unde

165 843 296 885 fuerit
339 843 519 885 Thiasus
551 869 607 872 —
644 843 725 884 hoc
769 843 879 884 enim
923 844 1092 885 nomine
1135 858 1254 884 meus
1295 857 1506 897 nuncupa-

167 902 294 943 batur
326 902 533 943 dominus.
579 903 782 943 oriundus
814 903 951 957 patria
983 901 1205 956 Corintho,
1238 902 1350 956 quod
1381 905 1508 956 caput

168 964 233 1002 est
263 962 396 1002 totius
428 960 614 1002 Achaiae
645 961 908 1015 prouinciae,
939 964 987 1002 ut
1019 961 1108 1002 eius
1145 961 1343 1015 prosapia
1380 963 1506 1015 atque

168 1020 353 1075 dignitas
373 1020 630 1074 postulabat,
650 1020 858 1074 gradatim
878 1020 1111 1074 permensis
1133 1019 1366 1061 honoribus
1388 1019 1506 1074 quin-

169 1079 367 1133 quennali
405 1079 659 1133 magistratu
690 1079 829 1120 fuerat
869 1079 1103 1119 destinatus
1135 1082 1177 1120 et
1207 1082 1255 1119 ut
1292 1078 1506 1132 splendori

168 1138 521 1192 capessendorum
565 1137 838 1191 responderet
877 1137 1074 1192 fascium,
1111 1152 1265 1178 munus
1306 1137 1507 1192 gladiato-

168 1197 279 1238 rium
311 1197 498 1238 triduani
525 1196 754 1250 spectaculi
779 1196 996 1250 pollicitus
1020 1196 1148 1237 latius
1173 1196 1507 1238 munificentiam
1530 1217 1534 1220 ·
1585 1178 1588 1204 ἶ

169 1271 288 1297 suam
322 1255 578 1311 porrigebat.
624 1255 802 1310 denique
829 1255 988 1310 gloriae
1019 1255 1212 1309 publicae
1239 1255 1379 1296 studio
1405 1258 1508 1296 tunc

168 1314 431 1356 Thessaliam
470 1315 597 1356 etiam
631 1317 878 1369 accesserat,
910 1314 1197 1356 nobilissimas
1227 1314 1338 1356 feras
1370 1316 1412 1356 et
1447 1313 1506 1354 fa-

168 1388 311 1415 mosos
344 1374 439 1415 inde
472 1374 725 1429 gladiatores
753 1377 1082 1427 comparaturus.
1124 1374 1291 1428 iamque
1317 1388 1368 1414 ex
1400 1372 1506 1414 arbi-

169 1433 250 1474 trio
291 1433 508 1487 dispositis
547 1433 835 1487 coemptisque
867 1433 1063 1473 omnibus
1096 1432 1400 1473 domuitionem
1437 1446 1506 1486 pa-

167 1492 300 1533 rabat.
355 1492 453 1546 (at)
491 1492 644 1545 spretis
687 1491 914 1532 luculentis
957 1491 1042 1532 illis
1084 1491 1170 1532 suis
1214 1490 1421 1532 uehiculis
1460 1505 1507 1531 ac

168 1550 426 1605 posthabitis
466 1551 626 1592 decoris
670 1550 889 1592 raedarum
933 1543 1161 1604 carpentis,
1201 1565 1307 1604 quae
1349 1549 1506 1604 partim

169 1613 373 1663 contecta,
398 1610 554 1664 partim
581 1609 768 1651 reuelata
786 1609 945 1650 frustra
963 1609 1207 1650 nouissimis
1230 1608 1507 1650 trahebantur
1545 1623 1558 1630 ·

170 1669 420 1723 consequiis,
441 1669 559 1723 equis
581 1669 708 1710 etiam
723 1668 978 1710 Thessalicis
998 1669 1088 1723 (et)
1108 1667 1336 1709 Gallicanis
1356 1670 1394 1710 et
1410 1667 1507 1709 aliis

267 1836 283 1865 1
324 1833 644 1876 e'ntemrmwtionem
673 1837 756 1876 post
787 1832 934 1866 ederem
967 1832 1115 1874 sustuli,
1136 1832 1246 1875 posui
1271 1834 1354 1875 post
1385 1829 1506 1874 plera-

169 1890 258 1922 que3
298 1879 405 1913 edere
437 1883 556 1914 aretem
586 1879 650 1914 hoc
682 1880 754 1914 Ioco
785 1890 859 1914 rnon
890 1884 939 1913 est
963 1878 1205 1922 manducare,
1237 1878 1298 1913 sed
1327 1887 1505 1922 peragere

170 1953 189 1982 2
216 1949 436 1993 portendere
456 1949 590 1996 <rem>
610 1950 738 1994 scripsi
756 1934 978 1993 portenden}
997 1948 1093 1993 Papa
1160 1952 1180 1982 3
1199 1949 1404 1983 monstrum
1421 1958 1505 1991 por-

169 1998 387 2039 tentumque
409 1998 668 2040 ostentumque
689 2009 716 2040 φ
797 2000 827 2030 3.
843 2000 864 2029 4
890 1997 1103 2031 crebruerat
1121 1995 1185 2040 qu
1220 1994 1414 2029 crebuerat
1434 1994 1503 2028 δΕ.

169 2046 189 2077 8
216 2042 418 2089 (asinum)
438 2044 577 2078 inserui
609 2043 810 2078 saltantem
829 2042 984 2088 asinum,
1010 2043 1196 2077 iocantem
1214 2041 1371 2085 asinum,
1395 2051 1505 2075 uoces

136 2130 139 2131 ⁷
169 2090 351 2124 humanas
382 2089 665 2134 intellegentem
696 2090 857 2134 asinum,
885 2102 1031 2125 sensum
1062 2089 1213 2123 nutibus
1239 2088 1506 2133 exprimentem

170 2137 316 2171 asinum
341 2150 369 2181 φ
401 2136 608 2171 luctantam
636 2137 790 2172 asinum.
819 2137 1019 2173 saltantem
1045 2136 1198 2171 asinum.
1225 2135 1409 2170 iacentem
1434 2134 1505 2169 asi-

169 2196 274 2228 num,
307 2195 416 2219 uoces
454 2184 635 2218 humanas
667 2184 946 2229 intellegentem
979 2183 1132 2219 asinum.
1172 2193 1319 2217 sensum
1351 2181 1506 2216 nutibus

170 2231 438 2276 exprimentem
457 2233 479 2265 ὃ
554 2234 595 2265 12
616 2231 784 2275 Thyasus
804 2245 832 2275 φ
864 2250 867 2251 ⁷
906 2236 949 2266 23
971 2230 1066 2276 (at)
1086 2230 1157 2265 Lu.
1178 2232 1223 2274 ef.
1240 2234 1371 2273 50.18;
1389 2233 1443 2264 78.
1461 2232 1504 2263 15

171 2283 214 2313 24
246 2279 403 2323 §darum
433 2278 498 2323 qu
595 2282 638 2312 26
671 2278 895 2313 Thessalicis
923 2281 960 2314 et
985 2277 1189 2313 Gallicanis
1214 2277 1307 2330 (et)
1333 2275 1418 2311 aliis
1450 2275 1511 2310 iu-

170 2325 305 2360 mentis
331 2327 460 2371 scripsi
485 2325 709 2360 Thessalicis
736 2328 772 2360 et
799 2325 883 2360 aliis
908 2324 1082 2360 iumentis
1110 2323 1313 2359 Gallicams
1338 2324 1416 2359 edd.
