1591 2556
572 120 672 155 CAP.
699 119 922 154 ὫἿΙ-ΝῙΠΠ
1397 121 1420 161 7

79 217 142 258 ori
174 231 251 258 suo
284 217 512 257 admouens
545 218 587 257 et
613 216 657 257 in
689 218 907 270 stuporem
933 217 1140 258 attonitus
1174 217 1279 259 ‘tace
1312 218 1420 259 tace’

79 276 220 330 inquit
251 276 342 330 (et)
374 275 717 329 circumspiciens
750 277 987 316 tutamenta
1026 277 1232 317 sermonis
1266 277 1421 331 eparce'

80 335 219 389 inquit
245 335 305 375 ‘in
329 334 529 375 feminam
557 334 756 388 diuinam,
788 348 970 388 nequam
995 334 1075 375 tibi
1100 334 1246 390 lingua
1271 336 1420 377 intem-

80 396 251 448 perante
282 407 436 434 noxam
469 393 720 434 contrahas?

168 452 267 493 ‘Ain
299 452 514 493 tandemP’
558 452 732 506 inquam
765 452 931 506 ‘potens
963 451 1037 492 illa
1075 455 1116 493 et
1148 453 1294 507 regina
1327 468 1419 495 cau-

39 532 43 536 ⁴
77 526 188 566 pona
219 511 321 565 quid
352 511 542 552 mulieris
576 511 687 553 est?'

21 768 56 792 10

20 1062 54 1088 15

18 1357 53 1381 20

17 1652 52 1677 25

165 569 308 625 ‘Saga’
341 570 480 624 inquit
513 570 570 611 ‘et
603 570 766 623 diuina,
804 573 956 624 potens
995 569 1157 611 caelum
1200 570 1419 625 deponere,

75 632 231 670 terram
261 629 527 684 suspendere,
547 629 685 671 fontes
707 629 868 684 durare,
894 632 1060 670 montes
1083 629 1253 683 diluere,
1274 645 1418 672 manes

75 688 325 742 sublimare,
357 689 456 730 deos
489 689 698 742 infimare,
731 688 868 730 sidera
900 689 1161 743 extinguere,
1194 689 1419 731 Tartarum

75 747 216 802 ipsum
247 747 529 789 inluminare.'

163 805 264 848 ‘Oro
307 807 365 848 te’
409 807 583 861 inquam
619 806 828 848 ‘aulaeum
872 807 1083 862 tragicum
1123 807 1337 848 dimoueto
1377 811 1419 849 et

74 866 279 919 siparium
323 866 560 907 scaenicum
601 866 852 920 complicato
898 869 940 907 et
977 867 1078 907 cedo
1120 866 1262 908 uerbis
1308 881 1418 908 com-

72 924 302 966 munibus.⁹

163 984 219 1038 [p.
241 984 278 1025 6.
298 983 367 1038 E]
401 983 510 1025 ‘Vis’
537 984 677 1038 inquit
703 984 850 1025 ‘unum
870 984 937 1025 vel
958 983 1150 1038 alterum,
1176 985 1306 1026 immo
1327 984 1418 1039 plu-

73 1042 181 1084 rima
213 1043 302 1084 eius
335 1043 477 1084 audire
502 1043 645 1084 facta?
677 1058 775 1084 nam
801 1046 850 1084 ut
876 1058 918 1084 se
945 1046 1087 1084 ament
1114 1044 1306 1085 efflictim
1333 1059 1415 1085 non

73 1102 198 1143 modo
230 1102 403 1156 incolae,
434 1117 584 1143 uerum
616 1102 744 1143 etiam
775 1101 871 1143 Indi
891 1102 959 1143 vel
984 1102 1218 1156 Aethiopes
1246 1104 1417 1157 utrique

72 1161 142 1202 uel
172 1161 255 1215 ipsi
280 1160 606 1214 Antichthones,
637 1161 741 1202 folia
766 1164 866 1202 sunt
892 1161 995 1202 artis
1028 1165 1070 1202 et
1095 1176 1232 1216 nugae
1265 1177 1416 1203 merae.

73 1220 146 1261 sed
178 1220 291 1274 quod
322 1220 366 1261 in
398 1223 670 1274 conspectum
701 1220 888 1274 plurium
921 1221 1195 1274 perpetrauit,
1229 1221 1337 1261 audi.

161 1277 301 1320 VIIII.
345 1278 593 1320 Amatorem
625 1294 749 1320 suum
782 1279 895 1333 quod
928 1279 971 1319 in
998 1279 1124 1320 aliam
1156 1282 1415 1334 temerasset,

72 1338 196 1379 unico
222 1338 353 1379 uerbo
379 1338 563 1379 mutauit
588 1338 631 1379 in
657 1338 789 1379 feram
815 1340 1035 1392 castorem,
1068 1339 1181 1392 quod
1207 1354 1254 1379 ea
1279 1339 1416 1381 bestia

73 1397 313 1451 captiuitati
333 1399 524 1438 metuens
545 1397 596 1438 ab
618 1397 938 1451 insequentibus
959 1412 1002 1438 se
1021 1398 1281 1451 praecisione
1302 1399 1416 1453 geni-

72 1456 222 1497 talium
263 1456 432 1509 liberat,
470 1458 518 1496 ut
550 1455 613 1496 illi
651 1470 819 1510 quoque
861 1456 1016 1510 simile,
1062 1457 1174 1510 quod
1218 1471 1414 1498 uenerem

71 1514 222 1556 habuit
241 1515 285 1556 in
311 1514 449 1569 aliam,
474 1515 728 1569 proueniret.
774 1529 1006 1569 cauponem
1033 1530 1200 1569 quoque
1226 1516 1415 1557 uicinum

73 1577 198 1628 atque
236 1575 290 1615 ob
328 1574 372 1615 id
409 1573 622 1615 aemulum
660 1574 915 1615 deformauit
955 1575 999 1615 in
1036 1589 1182 1615 ranam
1224 1578 1265 1616 et
1302 1590 1413 1617 nunc

73 1648 200 1674 senex
224 1633 296 1674 ille
316 1632 476 1674 dolium
502 1633 697 1674 innatans
723 1633 813 1674 uini
840 1634 906 1674 sui
932 1633 1183 1675 aduentores
1209 1635 1414 1688 pristinos

72 1693 116 1733 in
141 1692 254 1734 faece
293 1706 548 1734 summersus
587 1692 788 1733 officiosis
826 1692 996 1733 ronchis
1034 1707 1185 1734 raucus
1217 1693 1413 1747 appellat.

73 1751 203 1792 alium
243 1752 293 1792 de
332 1751 425 1792 foro
467 1751 579 1805 quod
623 1751 824 1792 aduersus
866 1766 957 1792 eam
997 1751 1165 1793 locutus
1206 1755 1328 1806 esset,
1369 1753 1413 1794 in

72 1810 247 1852 arietem
273 1810 524 1852 deformavit
551 1813 592 1851 et
611 1825 722 1851 nunc
742 1811 850 1851 aries
875 1810 946 1852 ille
967 1825 1113 1852 causas
1135 1812 1234 1866 agit.
1268 1812 1411 1853 eadem

72 1870 272 1911 amatoris
313 1869 379 1910 sui
416 1884 592 1910 uxorem
630 1869 743 1924 quod
780 1870 823 1910 in
861 1885 953 1911 eam
992 1870 1176 1911 dicacule
1208 1871 1411 1925 probrum

166 2024 186 2054 2
214 2020 306 2067 (et)
331 2022 469 2055 inserui
565 2024 596 2054 5.
619 2024 638 2054 6
665 2031 808 2065 capona
833 2021 879 2055 ΡΙ
977 2024 996 2055 7
1030 2021 1173 2067 diuina]
1207 2022 1320 2056 duum
1346 2022 1410 2066 Ἐφ

72 2072 91 2102 9
118 2067 285 2102 infimare
309 2067 343 2102 V
386 2067 571 2102 infirmare
598 2067 661 2111 Εφ
694 2068 734 2102 Ε.
839 2072 881 2103 17
920 2068 1153 2103 anticthones
1187 2069 1213 2102 F
1311 2080 1410 2113 nuga

71 2125 191 2150 emere
217 2115 300 2159 Foep¹
375 2117 416 2149 18
443 2116 682 2159 conspectum
701 2115 765 2159 qu
795 2118 995 2160 conspectu
1020 2117 1128 2161 uulyo
1204 2119 1245 2150 19
1273 2116 1312 2150 in
1331 2117 1408 2150 cdd.

70 2162 110 2196 ui
129 2163 238 2208 uulyo
246 2166 330 2207 post
343 2162 575 2204 Vulcanimm
593 2174 681 2196 mom
694 2162 734 2196 in
747 2162 862 2197 aliam
873 2164 963 2206 fuit:
979 2163 1178 2197 ancillam?
1235 2167 1276 2197 21
1293 2163 1410 2207 capti—

70 2209 184 2244 uitati
208 2209 346 2254 anVg
383 2208 616 2254 captiuitatis
642 2211 752 2255 κιιῑιῐῃο
834 2213 877 2244 22
911 2209 1047 2256 simile]
1074 2210 1215 2244 familie
1242 2223 1269 2254 φ
1349 2221 1411 2244 ue-

70 2267 157 2291 nere
189 2269 216 2300 φ
337 2260 382 2291 26
415 2267 636 2290 summersus
673 2258 803 2302 scripsi
832 2258 877 2301 cf.
905 2261 982 2292 205.
1005 2261 1048 2291 23
1093 2257 1307 2291 summissus
1345 2257 1409 2300 Ἑφ

72 2303 275 2337 submissus
301 2303 330 2337 E
427 2303 543 2337 rontis
570 2303 597 2337 F
629 2303 721 2338 ratis
748 2318 775 2348 φ
880 2308 922 2338 27
950 2304 1080 2350 alium]
1106 2304 1277 2338 rabulam
1305 2304 1408 2339 Corn.

72 2349 269 2385 aduersum
294 2363 322 2394 φ
