<?xml version="1.0" encoding="UTF-8"?>
<!DOCTYPE html PUBLIC "-//W3C//DTD XHTML 1.0 Transitional//EN"
    "http://www.w3.org/TR/xhtml1/DTD/xhtml1-transitional.dtd">
<html xmlns="http://www.w3.org/1999/xhtml" xml:lang="en" lang="en">
 <head>
  <title>
</title>
<meta http-equiv="Content-Type" content="text/html;charset=utf-8" />
  <meta name='ocr-system' content='tesseract 3.04.00' />
  <meta name='ocr-capabilities' content='ocr_page ocr_carea ocr_par ocr_line ocrx_word'/>
</head>
<body>
  <div class='ocr_page' id='page_1' title='image "./metamorphoseonli00apuluoft/metamorphoseonli00apuluoft_0080.png"; bbox 0 0 1591 2556; ppageno 0'>
   <div class='ocr_carea' id='block_1_1' title="bbox 111 103 875 143">
    <p class='ocr_par' dir='ltr' id='par_1_1' title="bbox 111 103 875 143">
     <span class='ocr_line' id='line_1_1' title="bbox 111 103 875 143; baseline -0.005 0"><span class='ocrx_word' id='word_1_1' title='bbox 111 103 169 143; x_wconf 82' lang='lat'>44</span> <span class='ocrx_word' id='word_1_2' title='bbox 688 105 817 140; x_wconf 85' lang='lat' dir='ltr'>LIBRI</span> <span class='ocrx_word' id='word_1_3' title='bbox 842 106 875 140; x_wconf 92' lang='grc' dir='ltr'>Π</span> 
     </span>
    </p>
   </div>
   <div class='ocr_carea' id='block_1_2' title="bbox 112 200 1521 1969">
    <p class='ocr_par' dir='ltr' id='par_1_2' title="bbox 112 200 1455 302">
     <span class='ocr_line' id='line_1_2' title="bbox 112 200 1455 256; baseline 0.002 -16"><span class='ocrx_word' id='word_1_4' title='bbox 112 200 369 242; x_wconf 85' lang='lat' dir='ltr'>uenerabilis</span> <span class='ocrx_word' id='word_1_5' title='bbox 400 215 575 242; x_wconf 82' lang='lat' dir='ltr'>scaenae</span> <span class='ocrx_word' id='word_1_6' title='bbox 608 202 711 243; x_wconf 82' lang='lat' dir='ltr'>facie</span> <span class='ocrx_word' id='word_1_7' title='bbox 749 202 888 243; x_wconf 85' lang='lat' dir='ltr'>studia</span> <span class='ocrx_word' id='word_1_8' title='bbox 924 201 1211 256; x_wconf 86' lang='lat' dir='ltr'>praesentium</span> <span class='ocrx_word' id='word_1_9' title='bbox 1249 201 1301 242; x_wconf 88' lang='lat' dir='ltr'>ad</span> <span class='ocrx_word' id='word_1_10' title='bbox 1331 201 1455 243; x_wconf 88' lang='lat' dir='ltr'>mira-</span> 
     </span>
     <span class='ocr_line' id='line_1_3' title="bbox 114 259 888 302; baseline 0.003 -2"><span class='ocrx_word' id='word_1_11' title='bbox 114 259 256 300; x_wconf 81' lang='lat' dir='ltr'>culum</span> <span class='ocrx_word' id='word_1_12' title='bbox 289 262 455 300; x_wconf 90' lang='lat' dir='ltr'>tantum</span> <span class='ocrx_word' id='word_1_13' title='bbox 488 261 681 301; x_wconf 72' lang='lat' dir='ltr'>certatim</span> <span class='ocrx_word' id='word_1_14' title='bbox 715 261 888 302; x_wconf 83' lang='lat' dir='ltr'>adrexit.</span> 
     </span>
    </p>

    <p class='ocr_par' dir='ltr' id='par_1_3' title="bbox 112 317 1493 609">
     <span class='ocr_line' id='line_1_4' title="bbox 201 317 1455 374; baseline 0.001 -15"><span class='ocrx_word' id='word_1_15' title='bbox 201 317 423 360; x_wconf 89' lang='lat' dir='ltr'><strong>XXVIIII.</strong></span> <span class='ocrx_word' id='word_1_16' title='bbox 455 317 647 360; x_wconf 88' lang='lat' dir='ltr'>Immitto</span> <span class='ocrx_word' id='word_1_17' title='bbox 668 335 735 361; x_wconf 92' lang='lat' dir='ltr'>me</span> <span class='ocrx_word' id='word_1_18' title='bbox 762 320 910 361; x_wconf 85' lang='lat' dir='ltr'>turbae</span> <span class='ocrx_word' id='word_1_19' title='bbox 931 320 1091 361; x_wconf 90' lang='lat' dir='ltr'>socium</span> <span class='ocrx_word' id='word_1_20' title='bbox 1112 323 1155 361; x_wconf 92' lang='lat' dir='ltr'>et</span> <span class='ocrx_word' id='word_1_21' title='bbox 1179 334 1288 373; x_wconf 89' lang='lat' dir='ltr'>pone</span> <span class='ocrx_word' id='word_1_22' title='bbox 1314 319 1455 374; x_wconf 88' lang='lat' dir='ltr'>ipsum</span> 
     </span>
     <span class='ocr_line' id='line_1_5' title="bbox 112 377 1457 433; baseline 0.001 -15"><span class='ocrx_word' id='word_1_23' title='bbox 112 377 317 418; x_wconf 88' lang='lat' dir='ltr'>lectulum</span> <span class='ocrx_word' id='word_1_24' title='bbox 351 378 570 419; x_wconf 91' lang='lat' dir='ltr'>editiorem</span> <span class='ocrx_word' id='word_1_25' title='bbox 604 378 813 432; x_wconf 86' lang='lat' dir='ltr'>quendam</span> <span class='ocrx_word' id='word_1_26' title='bbox 844 379 1028 433; x_wconf 84' lang='lat' dir='ltr'>lapidem</span> <span class='ocrx_word' id='word_1_27' title='bbox 1065 379 1266 420; x_wconf 87' lang='lat' dir='ltr'>insistens</span> <span class='ocrx_word' id='word_1_28' title='bbox 1305 381 1457 420; x_wconf 86' lang='lat' dir='ltr'>cuncta</span> 
     </span>
     <span class='ocr_line' id='line_1_6' title="bbox 115 437 1493 492; baseline 0.001 -15"><span class='ocrx_word' id='word_1_29' title='bbox 115 437 292 478; x_wconf 83' lang='lat' dir='ltr'>curiosis</span> <span class='ocrx_word' id='word_1_30' title='bbox 325 437 458 478; x_wconf 89' lang='lat' dir='ltr'>oculis</span> <span class='ocrx_word' id='word_1_31' title='bbox 491 437 737 478; x_wconf 74' lang='lat' dir='ltr'>arbitrabar.</span> <span class='ocrx_word' id='word_1_32' title='bbox 801 438 884 478; x_wconf 89' lang='lat' dir='ltr'>iam</span> <span class='ocrx_word' id='word_1_33' title='bbox 915 441 1080 479; x_wconf 88' lang='lat' dir='ltr'>tumore</span> <span class='ocrx_word' id='word_1_34' title='bbox 1117 440 1265 492; x_wconf 89' lang='lat' dir='ltr'>pectus</span> <span class='ocrx_word' id='word_1_35' title='bbox 1297 437 1457 491; x_wconf 75' lang='lat' dir='ltr'>extolli,</span> <span class='ocrx_word' id='word_1_36' title='bbox 1475 453 1493 479; x_wconf 86' lang='lat'>5</span> 
     </span>
     <span class='ocr_line' id='line_1_7' title="bbox 115 496 1457 551; baseline 0.001 -15"><span class='ocrx_word' id='word_1_37' title='bbox 115 496 198 537; x_wconf 83' lang='lat' dir='ltr'>iam</span> <span class='ocrx_word' id='word_1_38' title='bbox 231 496 413 537; x_wconf 86' lang='lat' dir='ltr'>salubris</span> <span class='ocrx_word' id='word_1_39' title='bbox 445 510 553 536; x_wconf 87' lang='lat' dir='ltr'>uena</span> <span class='ocrx_word' id='word_1_40' title='bbox 583 496 761 550; x_wconf 81' lang='lat' dir='ltr'>pulsari,</span> <span class='ocrx_word' id='word_1_41' title='bbox 800 497 882 537; x_wconf 90' lang='lat' dir='ltr'>iam</span> <span class='ocrx_word' id='word_1_42' title='bbox 914 497 1067 550; x_wconf 88' lang='lat' dir='ltr'>spiritu</span> <span class='ocrx_word' id='word_1_43' title='bbox 1099 511 1251 551; x_wconf 88' lang='lat' dir='ltr'>corpus</span> <span class='ocrx_word' id='word_1_44' title='bbox 1289 496 1457 551; x_wconf 86' lang='lat' dir='ltr'>impleri</span> 
     </span>
     <span class='ocr_line' id='line_1_8' title="bbox 115 555 1164 609; baseline 0.001 -13"><span class='ocrx_word' id='word_1_45' title='bbox 115 558 157 596; x_wconf 89' lang='lat' dir='ltr'>et</span> <span class='ocrx_word' id='word_1_46' title='bbox 189 555 382 609; x_wconf 85' lang='lat' dir='ltr'>adsurgit</span> <span class='ocrx_word' id='word_1_47' title='bbox 413 555 591 596; x_wconf 88' lang='lat' dir='ltr'>cadauer</span> <span class='ocrx_word' id='word_1_48' title='bbox 623 558 664 596; x_wconf 89' lang='lat' dir='ltr'>et</span> <span class='ocrx_word' id='word_1_49' title='bbox 695 555 888 609; x_wconf 89' lang='lat' dir='ltr'>profatur</span> <span class='ocrx_word' id='word_1_50' title='bbox 919 555 1164 597; x_wconf 82' lang='lat' dir='ltr'>adulescens</span> 
     </span>
    </p>

    <p class='ocr_par' dir='ltr' id='par_1_4' title="bbox 115 613 1517 845">
     <span class='ocr_line' id='line_1_9' title="bbox 205 613 1457 670; baseline 0.002 -16"><span class='ocrx_word' id='word_1_51' title='bbox 205 613 331 662; x_wconf 71' lang='lat' dir='ltr'>‘Quid</span> <span class='ocrx_word' id='word_1_52' title='bbox 377 628 450 655; x_wconf 89' lang='lat' dir='ltr'>oro</span> <span class='ocrx_word' id='word_1_53' title='bbox 494 628 561 655; x_wconf 88' lang='lat' dir='ltr'>me</span> <span class='ocrx_word' id='word_1_54' title='bbox 604 617 703 668; x_wconf 89' lang='lat' dir='ltr'>post</span> <span class='ocrx_word' id='word_1_55' title='bbox 738 614 925 656; x_wconf 88' lang='lat' dir='ltr'>Lethaea</span> <span class='ocrx_word' id='word_1_56' title='bbox 968 614 1121 669; x_wconf 86' lang='lat' dir='ltr'>pocula</span> <span class='ocrx_word' id='word_1_57' title='bbox 1163 615 1246 656; x_wconf 91' lang='lat' dir='ltr'>iam</span> <span class='ocrx_word' id='word_1_58' title='bbox 1293 613 1457 670; x_wconf 85' lang='lat' dir='ltr'>Stygiis</span> 
     </span>
     <span class='ocr_line' id='line_1_10' title="bbox 115 672 1458 726; baseline 0.001 -13"><span class='ocrx_word' id='word_1_59' title='bbox 115 672 341 726; x_wconf 86' lang='lat' dir='ltr'>paludibus</span> <span class='ocrx_word' id='word_1_60' title='bbox 383 673 645 714; x_wconf 68' lang='lat' dir='ltr'>innatantem</span> <span class='ocrx_word' id='word_1_61' title='bbox 684 673 736 714; x_wconf 89' lang='lat' dir='ltr'>ad</span> <span class='ocrx_word' id='word_1_62' title='bbox 766 674 1069 715; x_wconf 77' lang='lat' dir='ltr'>momentariae</span> <span class='ocrx_word' id='word_1_63' title='bbox 1106 674 1220 715; x_wconf 86' lang='lat' dir='ltr'>uitae</span> <span class='ocrx_word' id='word_1_64' title='bbox 1257 674 1458 715; x_wconf 86' lang='lat' dir='ltr'>reducitis</span> 
     </span>
     <span class='ocr_line' id='line_1_11' title="bbox 116 731 1517 787; baseline 0.002 -15"><span class='ocrx_word' id='word_1_65' title='bbox 116 732 284 773; x_wconf 81' lang='lat' dir='ltr'>officia?</span> <span class='ocrx_word' id='word_1_66' title='bbox 348 731 490 773; x_wconf 89' lang='lat' dir='ltr'>desine</span> <span class='ocrx_word' id='word_1_67' title='bbox 532 732 628 787; x_wconf 80' lang='lat' dir='ltr'>iam,</span> <span class='ocrx_word' id='word_1_68' title='bbox 668 747 828 787; x_wconf 80' lang='lat' dir='ltr'>precor,</span> <span class='ocrx_word' id='word_1_69' title='bbox 870 733 1011 774; x_wconf 90' lang='lat' dir='ltr'>desine</span> <span class='ocrx_word' id='word_1_70' title='bbox 1054 747 1100 774; x_wconf 88' lang='lat' dir='ltr'>ac</span> <span class='ocrx_word' id='word_1_71' title='bbox 1138 748 1204 774; x_wconf 89' lang='lat' dir='ltr'>me</span> <span class='ocrx_word' id='word_1_72' title='bbox 1245 732 1289 773; x_wconf 87' lang='lat' dir='ltr'>in</span> <span class='ocrx_word' id='word_1_73' title='bbox 1320 747 1457 774; x_wconf 88' lang='lat' dir='ltr'>meam</span> <span class='ocrx_word' id='word_1_74' title='bbox 1478 751 1517 775; x_wconf 81' lang='grc' dir='ltr'>ιο</span> 
     </span>
     <span class='ocr_line' id='line_1_12' title="bbox 117 791 562 845; baseline 0.002 -14"><span class='ocrx_word' id='word_1_75' title='bbox 117 791 302 845; x_wconf 86' lang='lat' dir='ltr'>quietem</span> <span class='ocrx_word' id='word_1_76' title='bbox 334 791 562 845; x_wconf 84' lang='lat' dir='ltr'>permitte.&#39;</span> 
     </span>
    </p>

    <p class='ocr_par' dir='ltr' id='par_1_5' title="bbox 116 849 1516 1140">
     <span class='ocr_line' id='line_1_13' title="bbox 205 849 1460 906; baseline 0.002 -16"><span class='ocrx_word' id='word_1_77' title='bbox 205 849 321 891; x_wconf 87' lang='lat' dir='ltr'>Haec</span> <span class='ocrx_word' id='word_1_78' title='bbox 341 850 485 891; x_wconf 87' lang='lat' dir='ltr'>audita</span> <span class='ocrx_word' id='word_1_79' title='bbox 510 865 595 892; x_wconf 79' lang='lat' dir='ltr'>uox</span> <span class='ocrx_word' id='word_1_80' title='bbox 627 851 677 891; x_wconf 89' lang='lat' dir='ltr'>de</span> <span class='ocrx_word' id='word_1_81' title='bbox 703 866 877 905; x_wconf 87' lang='lat' dir='ltr'>corpore</span> <span class='ocrx_word' id='word_1_82' title='bbox 910 852 983 892; x_wconf 88' lang='lat' dir='ltr'>sed</span> <span class='ocrx_word' id='word_1_83' title='bbox 1009 851 1225 905; x_wconf 87' lang='lat' dir='ltr'>aliquanto</span> <span class='ocrx_word' id='word_1_84' title='bbox 1252 851 1460 906; x_wconf 86' lang='lat' dir='ltr'>propheta</span> 
     </span>
     <span class='ocr_line' id='line_1_14' title="bbox 117 909 1459 965; baseline 0.001 -15"><span class='ocrx_word' id='word_1_85' title='bbox 117 909 369 950; x_wconf 89' lang='lat' dir='ltr'>commotior</span> <span class='ocrx_word' id='word_1_86' title='bbox 413 909 532 963; x_wconf 63' lang='lat' dir='ltr'>‘quin</span> <span class='ocrx_word' id='word_1_87' title='bbox 569 910 716 951; x_wconf 81' lang='lat' dir='ltr'>refers’</span> <span class='ocrx_word' id='word_1_88' title='bbox 760 911 820 951; x_wconf 89' lang='lat' dir='ltr'>ait</span> <span class='ocrx_word' id='word_1_89' title='bbox 857 910 1030 964; x_wconf 76' lang='lat' dir='ltr'>‘populo</span> <span class='ocrx_word' id='word_1_90' title='bbox 1068 910 1236 965; x_wconf 87' lang='lat' dir='ltr'>singula</span> <span class='ocrx_word' id='word_1_91' title='bbox 1279 913 1459 965; x_wconf 87' lang='lat' dir='ltr'>tuaeque</span> 
     </span>
     <span class='ocr_line' id='line_1_15' title="bbox 116 968 1459 1023; baseline 0.001 -15"><span class='ocrx_word' id='word_1_92' title='bbox 116 968 266 1009; x_wconf 86' lang='lat' dir='ltr'>mortis</span> <span class='ocrx_word' id='word_1_93' title='bbox 299 968 514 1009; x_wconf 84' lang='lat' dir='ltr'>illuminas</span> <span class='ocrx_word' id='word_1_94' title='bbox 547 969 724 1010; x_wconf 78' lang='lat' dir='ltr'>arcana?</span> <span class='ocrx_word' id='word_1_95' title='bbox 788 985 839 1010; x_wconf 86' lang='lat' dir='ltr'>an</span> <span class='ocrx_word' id='word_1_96' title='bbox 877 984 961 1010; x_wconf 91' lang='lat' dir='ltr'>non</span> <span class='ocrx_word' id='word_1_97' title='bbox 999 972 1123 1023; x_wconf 89' lang='lat' dir='ltr'>putas</span> <span class='ocrx_word' id='word_1_98' title='bbox 1161 969 1459 1010; x_wconf 88' lang='lat' dir='ltr'>deuotionibus</span> 
     </span>
     <span class='ocr_line' id='line_1_16' title="bbox 116 1027 1516 1083; baseline 0.001 -15"><span class='ocrx_word' id='word_1_99' title='bbox 116 1027 222 1068; x_wconf 87' lang='lat' dir='ltr'>meis</span> <span class='ocrx_word' id='word_1_100' title='bbox 259 1042 383 1081; x_wconf 87' lang='lat' dir='ltr'>posse</span> <span class='ocrx_word' id='word_1_101' title='bbox 420 1027 547 1069; x_wconf 86' lang='lat' dir='ltr'>Diras</span> <span class='ocrx_word' id='word_1_102' title='bbox 585 1028 792 1083; x_wconf 80' lang='lat' dir='ltr'>inuocari⁷</span> <span class='ocrx_word' id='word_1_103' title='bbox 834 1043 957 1082; x_wconf 83' lang='lat' dir='ltr'>posse</span> <span class='ocrx_word' id='word_1_104' title='bbox 1001 1028 1080 1069; x_wconf 90' lang='lat' dir='ltr'>tibi</span> <span class='ocrx_word' id='word_1_105' title='bbox 1118 1028 1308 1069; x_wconf 90' lang='lat' dir='ltr'>membra</span> <span class='ocrx_word' id='word_1_106' title='bbox 1349 1028 1461 1070; x_wconf 87' lang='lat' dir='ltr'>lassa</span> <span class='ocrx_word' id='word_1_107' title='bbox 1481 1045 1516 1071; x_wconf 83' lang='lat'>15</span> 
     </span>
     <span class='ocr_line' id='line_1_17' title="bbox 117 1086 350 1140; baseline 0 -13"><span class='ocrx_word' id='word_1_108' title='bbox 117 1086 350 1140; x_wconf 67' lang='lat' dir='ltr'>torqueriP’</span> 
     </span>
    </p>

    <p class='ocr_par' dir='ltr' id='par_1_6' title="bbox 117 1144 1521 1377">
     <span class='ocr_line' id='line_1_18' title="bbox 207 1144 1461 1201; baseline 0.002 -15"><span class='ocrx_word' id='word_1_109' title='bbox 207 1144 396 1199; x_wconf 79' lang='lat' dir='ltr'>Suscipit</span> <span class='ocrx_word' id='word_1_110' title='bbox 426 1145 498 1186; x_wconf 89' lang='lat' dir='ltr'>ille</span> <span class='ocrx_word' id='word_1_111' title='bbox 537 1146 586 1186; x_wconf 90' lang='lat' dir='ltr'>de</span> <span class='ocrx_word' id='word_1_112' title='bbox 624 1145 779 1187; x_wconf 89' lang='lat' dir='ltr'>lectulo</span> <span class='ocrx_word' id='word_1_113' title='bbox 818 1149 860 1187; x_wconf 88' lang='lat' dir='ltr'>et</span> <span class='ocrx_word' id='word_1_114' title='bbox 892 1146 976 1187; x_wconf 91' lang='lat' dir='ltr'>imo</span> <span class='ocrx_word' id='word_1_115' title='bbox 1010 1161 1104 1187; x_wconf 89' lang='lat' dir='ltr'>cum</span> <span class='ocrx_word' id='word_1_116' title='bbox 1138 1147 1298 1201; x_wconf 73' lang='lat' dir='ltr'>gemitu</span> <span class='ocrx_word' id='word_1_117' title='bbox 1329 1161 1461 1201; x_wconf 89' lang='lat' dir='ltr'>popu-</span> 
     </span>
     <span class='ocr_line' id='line_1_19' title="bbox 117 1204 1462 1259; baseline 0.001 -14"><span class='ocrx_word' id='word_1_118' title='bbox 117 1204 207 1246; x_wconf 91' lang='lat' dir='ltr'>lum</span> <span class='ocrx_word' id='word_1_119' title='bbox 240 1205 301 1246; x_wconf 89' lang='lat' dir='ltr'>sic</span> <span class='ocrx_word' id='word_1_120' title='bbox 334 1205 480 1245; x_wconf 87' lang='lat' dir='ltr'>adorat</span> <span class='ocrx_word' id='word_1_121' title='bbox 513 1204 651 1246; x_wconf 69' lang='lat' dir='ltr'>‘malis</span> <span class='ocrx_word' id='word_1_122' title='bbox 678 1220 812 1246; x_wconf 87' lang='lat' dir='ltr'>nouae</span> <span class='ocrx_word' id='word_1_123' title='bbox 838 1208 995 1259; x_wconf 87' lang='lat' dir='ltr'>nuptae</span> <span class='ocrx_word' id='word_1_124' title='bbox 1026 1208 1271 1259; x_wconf 87' lang='lat' dir='ltr'>peremptus</span> <span class='ocrx_word' id='word_1_125' title='bbox 1298 1206 1462 1247; x_wconf 87' lang='lat' dir='ltr'>artibus</span> 
     </span>
     <span class='ocr_line' id='line_1_20' title="bbox 119 1264 1462 1319; baseline 0.001 -15"><span class='ocrx_word' id='word_1_126' title='bbox 119 1266 161 1305; x_wconf 87' lang='lat' dir='ltr'>et</span> <span class='ocrx_word' id='word_1_127' title='bbox 205 1264 396 1305; x_wconf 85' lang='lat' dir='ltr'>addictus</span> <span class='ocrx_word' id='word_1_128' title='bbox 440 1264 568 1305; x_wconf 80' lang='lat' dir='ltr'>noxio</span> <span class='ocrx_word' id='word_1_129' title='bbox 613 1264 765 1318; x_wconf 88' lang='lat' dir='ltr'>poculo</span> <span class='ocrx_word' id='word_1_130' title='bbox 816 1267 957 1305; x_wconf 88' lang='lat' dir='ltr'>torum</span> <span class='ocrx_word' id='word_1_131' title='bbox 1007 1266 1219 1319; x_wconf 88' lang='lat' dir='ltr'>tepentem</span> <span class='ocrx_word' id='word_1_132' title='bbox 1271 1264 1462 1306; x_wconf 85' lang='lat' dir='ltr'>adultero</span> 
     </span>
     <span class='ocr_line' id='line_1_21' title="bbox 117 1322 1521 1377; baseline 0.001 -13"><span class='ocrx_word' id='word_1_133' title='bbox 117 1322 386 1377; x_wconf 82' lang='lat' dir='ltr'>mancipaui.’</span> <span class='ocrx_word' id='word_1_134' title='bbox 1482 1341 1521 1366; x_wconf 80' lang='lat'>20</span> 
     </span>
    </p>

    <p class='ocr_par' dir='ltr' id='par_1_7' title="bbox 119 1382 1521 1661">
     <span class='ocr_line' id='line_1_22' title="bbox 207 1382 1463 1437; baseline 0 -14"><span class='ocrx_word' id='word_1_135' title='bbox 207 1382 325 1423; x_wconf 88' lang='lat' dir='ltr'>Tunc</span> <span class='ocrx_word' id='word_1_136' title='bbox 334 1396 441 1423; x_wconf 84' lang='lat' dir='ltr'>uxor</span> <span class='ocrx_word' id='word_1_137' title='bbox 449 1382 620 1437; x_wconf 89' lang='lat' dir='ltr'>egregia</span> <span class='ocrx_word' id='word_1_138' title='bbox 634 1383 746 1436; x_wconf 86' lang='lat' dir='ltr'>capit</span> <span class='ocrx_word' id='word_1_139' title='bbox 756 1386 1020 1436; x_wconf 86' lang='lat' dir='ltr'>praesentem</span> <span class='ocrx_word' id='word_1_140' title='bbox 1035 1382 1251 1424; x_wconf 88' lang='lat' dir='ltr'>audaciam</span> <span class='ocrx_word' id='word_1_141' title='bbox 1268 1385 1310 1424; x_wconf 87' lang='lat' dir='ltr'>et</span> <span class='ocrx_word' id='word_1_142' title='bbox 1323 1384 1463 1424; x_wconf 90' lang='lat' dir='ltr'>mente</span> 
     </span>
     <span class='ocr_line' id='line_1_23' title="bbox 119 1441 1464 1496; baseline 0 -14"><span class='ocrx_word' id='word_1_143' title='bbox 119 1441 324 1496; x_wconf 85' lang='lat' dir='ltr'>sacrilega</span> <span class='ocrx_word' id='word_1_144' title='bbox 355 1442 601 1495; x_wconf 81' lang='lat' dir='ltr'>coarguenti</span> <span class='ocrx_word' id='word_1_145' title='bbox 633 1441 786 1482; x_wconf 88' lang='lat' dir='ltr'>marito</span> <span class='ocrx_word' id='word_1_146' title='bbox 819 1442 1020 1483; x_wconf 88' lang='lat' dir='ltr'>resistens</span> <span class='ocrx_word' id='word_1_147' title='bbox 1052 1442 1236 1483; x_wconf 87' lang='lat' dir='ltr'>altercat.</span> <span class='ocrx_word' id='word_1_148' title='bbox 1280 1441 1464 1495; x_wconf 90' lang='lat' dir='ltr'>populus</span> 
     </span>
     <span class='ocr_line' id='line_1_24' title="bbox 121 1500 1463 1554; baseline -0.001 -12"><span class='ocrx_word' id='word_1_149' title='bbox 121 1503 286 1542; x_wconf 83' lang='lat' dir='ltr'>aestuat</span> <span class='ocrx_word' id='word_1_150' title='bbox 312 1500 478 1541; x_wconf 86' lang='lat' dir='ltr'>diuersa</span> <span class='ocrx_word' id='word_1_151' title='bbox 509 1501 740 1542; x_wconf 88' lang='lat' dir='ltr'>tendentes.</span> <span class='ocrx_word' id='word_1_152' title='bbox 814 1500 859 1541; x_wconf 87' lang='lat' dir='ltr'>hi</span> <span class='ocrx_word' id='word_1_153' title='bbox 898 1501 1125 1554; x_wconf 85' lang='lat' dir='ltr'>pessimam</span> <span class='ocrx_word' id='word_1_154' title='bbox 1163 1500 1364 1541; x_wconf 84' lang='lat' dir='ltr'>feminam</span> <span class='ocrx_word' id='word_1_155' title='bbox 1402 1501 1463 1541; x_wconf 91' lang='lat' dir='ltr'>ui-</span> 
     </span>
     <span class='ocr_line' id='line_1_25' title="bbox 120 1559 1464 1614; baseline -0.001 -13"><span class='ocrx_word' id='word_1_156' title='bbox 120 1562 290 1601; x_wconf 88' lang='lat' dir='ltr'>uentem</span> <span class='ocrx_word' id='word_1_157' title='bbox 329 1559 474 1600; x_wconf 88' lang='lat' dir='ltr'>statim</span> <span class='ocrx_word' id='word_1_158' title='bbox 513 1574 608 1600; x_wconf 90' lang='lat' dir='ltr'>cum</span> <span class='ocrx_word' id='word_1_159' title='bbox 646 1574 821 1613; x_wconf 87' lang='lat' dir='ltr'>corpore</span> <span class='ocrx_word' id='word_1_160' title='bbox 859 1560 1002 1600; x_wconf 88' lang='lat' dir='ltr'>mariti</span> <span class='ocrx_word' id='word_1_161' title='bbox 1045 1559 1346 1614; x_wconf 81' lang='lat' dir='ltr'>sepeliendam,</span> <span class='ocrx_word' id='word_1_162' title='bbox 1391 1559 1464 1601; x_wconf 87' lang='lat' dir='ltr'>alii</span> 
     </span>
     <span class='ocr_line' id='line_1_26' title="bbox 120 1618 1521 1661; baseline 0.001 -2"><span class='ocrx_word' id='word_1_163' title='bbox 120 1618 340 1660; x_wconf 87' lang='lat' dir='ltr'>mendacio</span> <span class='ocrx_word' id='word_1_164' title='bbox 374 1618 589 1659; x_wconf 86' lang='lat' dir='ltr'>cadaueris</span> <span class='ocrx_word' id='word_1_165' title='bbox 621 1619 747 1659; x_wconf 90' lang='lat' dir='ltr'>fidem</span> <span class='ocrx_word' id='word_1_166' title='bbox 779 1634 863 1660; x_wconf 86' lang='lat' dir='ltr'>non</span> <span class='ocrx_word' id='word_1_167' title='bbox 894 1618 1142 1660; x_wconf 88' lang='lat' dir='ltr'>habendam.</span> <span class='ocrx_word' id='word_1_168' title='bbox 1483 1635 1521 1661; x_wconf 78' lang='lat'>25</span> 
     </span>
    </p>

    <p class='ocr_par' dir='ltr' id='par_1_8' title="bbox 120 1676 1521 1969">
     <span class='ocr_line' id='line_1_27' title="bbox 208 1676 1463 1732; baseline 0 -14"><span class='ocrx_word' id='word_1_169' title='bbox 208 1677 340 1718; x_wconf 89' lang='lat' dir='ltr'>XXX.</span> <span class='ocrx_word' id='word_1_170' title='bbox 386 1676 468 1718; x_wconf 82' lang='lat' dir='ltr'>Sed</span> <span class='ocrx_word' id='word_1_171' title='bbox 493 1677 601 1718; x_wconf 90' lang='lat' dir='ltr'>hanc</span> <span class='ocrx_word' id='word_1_172' title='bbox 633 1678 944 1719; x_wconf 88' lang='lat' dir='ltr'>cunctationem</span> <span class='ocrx_word' id='word_1_173' title='bbox 971 1692 1151 1732; x_wconf 87' lang='lat' dir='ltr'>sequens</span> <span class='ocrx_word' id='word_1_174' title='bbox 1183 1677 1463 1719; x_wconf 88' lang='lat' dir='ltr'>adulescentis</span> 
     </span>
     <span class='ocr_line' id='line_1_28' title="bbox 120 1736 1464 1791; baseline -0.001 -13"><span class='ocrx_word' id='word_1_175' title='bbox 120 1751 258 1778; x_wconf 87' lang='lat' dir='ltr'>sermo</span> <span class='ocrx_word' id='word_1_176' title='bbox 286 1736 494 1777; x_wconf 79' lang='lat' dir='ltr'>distinxit.</span> <span class='ocrx_word' id='word_1_177' title='bbox 540 1751 637 1777; x_wconf 87' lang='lat' dir='ltr'>nam</span> <span class='ocrx_word' id='word_1_178' title='bbox 664 1751 810 1778; x_wconf 84' lang='lat' dir='ltr'>rursus</span> <span class='ocrx_word' id='word_1_179' title='bbox 843 1737 970 1777; x_wconf 87' lang='lat' dir='ltr'>altius</span> <span class='ocrx_word' id='word_1_180' title='bbox 1003 1737 1291 1791; x_wconf 79' lang='lat' dir='ltr'>ingemescens</span> <span class='ocrx_word' id='word_1_181' title='bbox 1324 1736 1464 1778; x_wconf 79' lang='lat' dir='ltr'>‘dabo&#39;</span> 
     </span>
     <span class='ocr_line' id='line_1_29' title="bbox 122 1795 1465 1850; baseline -0.001 -13"><span class='ocrx_word' id='word_1_182' title='bbox 122 1795 262 1850; x_wconf 90' lang='lat' dir='ltr'>inquit</span> <span class='ocrx_word' id='word_1_183' title='bbox 306 1795 429 1836; x_wconf 65' lang='lat' dir='ltr'>‘dabo</span> <span class='ocrx_word' id='word_1_184' title='bbox 480 1795 603 1836; x_wconf 89' lang='lat' dir='ltr'>uobis</span> <span class='ocrx_word' id='word_1_185' title='bbox 648 1796 921 1837; x_wconf 89' lang='lat' dir='ltr'>intemeratae</span> <span class='ocrx_word' id='word_1_186' title='bbox 971 1796 1165 1837; x_wconf 87' lang='lat' dir='ltr'>ueritatis</span> <span class='ocrx_word' id='word_1_187' title='bbox 1213 1795 1465 1837; x_wconf 89' lang='lat' dir='ltr'>documenta</span> 
     </span>
     <span class='ocr_line' id='line_1_30' title="bbox 121 1854 1464 1909; baseline 0.001 -14"><span class='ocrx_word' id='word_1_188' title='bbox 121 1854 340 1908; x_wconf 79' lang='lat' dir='ltr'>perlucida</span> <span class='ocrx_word' id='word_1_189' title='bbox 371 1858 407 1895; x_wconf 75' lang='lat' dir='ltr'>ct</span> <span class='ocrx_word' id='word_1_190' title='bbox 432 1855 544 1908; x_wconf 88' lang='lat' dir='ltr'>quod</span> <span class='ocrx_word' id='word_1_191' title='bbox 570 1869 744 1908; x_wconf 84' lang='lat' dir='ltr'>prorsus</span> <span class='ocrx_word' id='word_1_192' title='bbox 772 1854 994 1909; x_wconf 79' lang='lat' dir='ltr'>[p.37.E.]</span> <span class='ocrx_word' id='word_1_193' title='bbox 1028 1855 1135 1896; x_wconf 88' lang='lat' dir='ltr'>alius</span> <span class='ocrx_word' id='word_1_194' title='bbox 1161 1869 1284 1896; x_wconf 90' lang='lat' dir='ltr'>nemo</span> <span class='ocrx_word' id='word_1_195' title='bbox 1312 1868 1464 1909; x_wconf 87' lang='lat' dir='ltr'>cogno-</span> 
     </span>
     <span class='ocr_line' id='line_1_31' title="bbox 121 1913 1521 1969; baseline -0.001 -14"><span class='ocrx_word' id='word_1_196' title='bbox 121 1914 228 1955; x_wconf 70' lang='lat' dir='ltr'>uerit</span> <span class='ocrx_word' id='word_1_197' title='bbox 259 1913 481 1954; x_wconf 85' lang='lat' dir='ltr'>indicabo’.</span> <span class='ocrx_word' id='word_1_198' title='bbox 521 1916 622 1955; x_wconf 92' lang='lat' dir='ltr'>tunc</span> <span class='ocrx_word' id='word_1_199' title='bbox 649 1914 783 1969; x_wconf 78' lang='lat' dir='ltr'>digito</span> <span class='ocrx_word' id='word_1_200' title='bbox 811 1914 1196 1955; x_wconf 76' lang='lat' dir='ltr'>medemonstrans</span> <span class='ocrx_word' id='word_1_201' title='bbox 1223 1914 1334 1954; x_wconf 74' lang='lat' dir='ltr'>‘nam</span> <span class='ocrx_word' id='word_1_202' title='bbox 1368 1928 1463 1954; x_wconf 92' lang='lat' dir='ltr'>cum</span> <span class='ocrx_word' id='word_1_203' title='bbox 1483 1930 1521 1955; x_wconf 86' lang='lat'>30</span> 
     </span>
    </p>
   </div>
   <div class='ocr_carea' id='block_1_3' title="bbox 219 2008 1465 2074">
    <p class='ocr_par' dir='ltr' id='par_1_9' title="bbox 219 2008 1465 2074">
     <span class='ocr_line' id='line_1_32' title="bbox 219 2008 1465 2074; baseline 0.001 -11"><span class='ocrx_word' id='word_1_204' title='bbox 219 2033 235 2063; x_wconf 86' lang='lat'>1</span> <span class='ocrx_word' id='word_1_205' title='bbox 260 2040 391 2063; x_wconf 85' lang='lat' dir='ltr'>scenae</span> <span class='ocrx_word' id='word_1_206' title='bbox 406 2029 433 2063; x_wconf 82' lang='lat' dir='ltr'><strong>F</strong></span> <span class='ocrx_word' id='word_1_207' title='bbox 507 2029 603 2064; x_wconf 86' lang='lat' dir='ltr'>facie</span> <span class='ocrx_word' id='word_1_208' title='bbox 621 2029 711 2064; x_wconf 77' lang='lat' dir='ltr'>Oud.</span> <span class='ocrx_word' id='word_1_209' title='bbox 738 2029 852 2064; x_wconf 85' lang='lat' dir='ltr'>facies</span> <span class='ocrx_word' id='word_1_210' title='bbox 868 2029 995 2074; x_wconf 73' lang='lat' dir='ltr'>Fq&gt;6g</span> <span class='ocrx_word' id='word_1_211' title='bbox 1068 2032 1173 2063; x_wconf 90' lang='grc'>10.11</span> <span class='ocrx_word' id='word_1_212' title='bbox 1196 2008 1344 2074; x_wconf 70' lang='lat' dir='ltr'>reqetem</span> <span class='ocrx_word' id='word_1_213' title='bbox 1365 2042 1392 2073; x_wconf 83' lang='grc' dir='ltr'>φ</span> <span class='ocrx_word' id='word_1_214' title='bbox 1413 2031 1465 2074; x_wconf 89' lang='lat' dir='ltr'>(re</span> 
     </span>
    </p>
   </div>
   <div class='ocr_carea' id='block_1_4' title="bbox 123 2085 1467 2381">
    <p class='ocr_par' dir='ltr' id='par_1_10' title="bbox 123 2085 1467 2381">
     <span class='ocr_line' id='line_1_33' title="bbox 123 2085 1464 2145; baseline -0.001 -9"><span class='ocrx_word' id='word_1_215' title='bbox 123 2101 324 2144; x_wconf 62' lang='lat' dir='ltr'>immemori)</span> <span class='ocrx_word' id='word_1_216' title='bbox 400 2104 442 2134; x_wconf 88' lang='lat'>14</span> <span class='ocrx_word' id='word_1_217' title='bbox 469 2085 662 2134; x_wconf 67' lang='lat' dir='ltr'>illuminZ*</span> <span class='ocrx_word' id='word_1_218' title='bbox 682 2099 710 2133; x_wconf 87' lang='lat' dir='ltr'><strong>F</strong></span> <span class='ocrx_word' id='word_1_219' title='bbox 792 2103 832 2133; x_wconf 82' lang='lat'>17</span> <span class='ocrx_word' id='word_1_220' title='bbox 854 2100 928 2135; x_wconf 83' lang='lat' dir='ltr'>imo</span> <span class='ocrx_word' id='word_1_221' title='bbox 955 2112 1039 2134; x_wconf 90' lang='lat' dir='ltr'>cum</span> <span class='ocrx_word' id='word_1_222' title='bbox 1056 2099 1198 2145; x_wconf 85' lang='lat' dir='ltr'>gemitu</span> <span class='ocrx_word' id='word_1_223' title='bbox 1213 2100 1394 2135; x_wconf 67' lang='lat' dir='ltr'>lVowerus</span> <span class='ocrx_word' id='word_1_224' title='bbox 1419 2100 1464 2143; x_wconf 78' lang='lat' dir='ltr'>cf.</span> 
     </span>
     <span class='ocr_line' id='line_1_34' title="bbox 124 2146 1464 2192; baseline -0.001 -10"><span class='ocrx_word' id='word_1_225' title='bbox 124 2152 232 2182; x_wconf 58' lang='lat'>3629</span> <span class='ocrx_word' id='word_1_226' title='bbox 252 2147 326 2181; x_wconf 85' lang='lat' dir='ltr'>imo</span> <span class='ocrx_word' id='word_1_227' title='bbox 346 2149 477 2191; x_wconf 77' lang='lat' dir='ltr'>‘c&#39;gestu</span> <span class='ocrx_word' id='word_1_228' title='bbox 498 2147 562 2192; x_wconf 69' lang='lat' dir='ltr'><em>qu</em></span> <span class='ocrx_word' id='word_1_229' title='bbox 599 2158 672 2181; x_wconf 87' lang='lat' dir='ltr'>uno</span> <span class='ocrx_word' id='word_1_230' title='bbox 693 2149 872 2191; x_wconf 83' lang='lat' dir='ltr'>congesta</span> <span class='ocrx_word' id='word_1_231' title='bbox 892 2149 913 2181; x_wconf 81' lang='grc' dir='ltr'><em>δ</em></span> <span class='ocrx_word' id='word_1_232' title='bbox 948 2158 1020 2181; x_wconf 89' lang='lat' dir='ltr'>uno</span> <span class='ocrx_word' id='word_1_233' title='bbox 1041 2148 1215 2182; x_wconf 85' lang='lat' dir='ltr'>contextu</span> <span class='ocrx_word' id='word_1_234' title='bbox 1239 2146 1403 2182; x_wconf 81' lang='lat' dir='ltr'>Stewech.</span> <span class='ocrx_word' id='word_1_235' title='bbox 1423 2146 1464 2181; x_wconf 86' lang='lat' dir='ltr'>E.</span> 
     </span>
     <span class='ocr_line' id='line_1_35' title="bbox 125 2194 1466 2239; baseline -0.001 -10"><span class='ocrx_word' id='word_1_236' title='bbox 125 2200 167 2230; x_wconf 82' lang='grc'>19</span> <span class='ocrx_word' id='word_1_237' title='bbox 201 2194 351 2229; x_wconf 84' lang='lat' dir='ltr'>additus</span> <span class='ocrx_word' id='word_1_238' title='bbox 384 2196 406 2228; x_wconf 81' lang='grc' dir='ltr'><em>ὃ</em></span> <span class='ocrx_word' id='word_1_239' title='bbox 448 2194 625 2238; x_wconf 81' lang='lat' dir='ltr'>pernoxio</span> <span class='ocrx_word' id='word_1_240' title='bbox 660 2196 714 2238; x_wconf 63' lang='lat' dir='ltr'>&amp;g</span> <span class='ocrx_word' id='word_1_241' title='bbox 835 2198 877 2228; x_wconf 77' lang='lat'>22</span> <span class='ocrx_word' id='word_1_242' title='bbox 910 2194 1040 2239; x_wconf 89' lang='lat' dir='ltr'>poplos</span> <span class='ocrx_word' id='word_1_243' title='bbox 1072 2194 1136 2238; x_wconf 75' lang='lat' dir='ltr'>Fcp</span> <span class='ocrx_word' id='word_1_244' title='bbox 1169 2195 1224 2239; x_wconf 77' lang='lat' dir='ltr'>(in</span> <span class='ocrx_word' id='word_1_245' title='bbox 1250 2207 1277 2237; x_wconf 87' lang='grc' dir='ltr'>φ</span> <span class='ocrx_word' id='word_1_246' title='bbox 1303 2195 1419 2229; x_wconf 78' lang='lat' dir='ltr'>altera</span> <span class='ocrx_word' id='word_1_247' title='bbox 1444 2204 1466 2228; x_wconf 90' lang='lat' dir='ltr'>o</span> 
     </span>
     <span class='ocr_line' id='line_1_36' title="bbox 124 2240 1466 2287; baseline -0.002 -10"><span class='ocrx_word' id='word_1_248' title='bbox 124 2244 164 2277; x_wconf 74' lang='lat' dir='ltr'>in</span> <span class='ocrx_word' id='word_1_249' title='bbox 194 2244 281 2287; x_wconf 73' lang='lat' dir='ltr'>ras.)</span> <span class='ocrx_word' id='word_1_250' title='bbox 379 2245 422 2275; x_wconf 80' lang='lat'>23</span> <span class='ocrx_word' id='word_1_251' title='bbox 460 2243 501 2276; x_wconf 75' lang='lat' dir='ltr'>in</span> <span class='ocrx_word' id='word_1_252' title='bbox 533 2255 560 2285; x_wconf 88' lang='grc' dir='ltr'><strong>φ</strong></span> <span class='ocrx_word' id='word_1_253' title='bbox 598 2241 794 2276; x_wconf 82' lang='lat' dir='ltr'>tendentes</span> <span class='ocrx_word' id='word_1_254' title='bbox 833 2253 921 2277; x_wconf 72' lang='lat' dir='ltr'>corr.</span> <span class='ocrx_word' id='word_1_255' title='bbox 956 2243 996 2276; x_wconf 71' lang='lat' dir='ltr'>in</span> <span class='ocrx_word' id='word_1_256' title='bbox 1027 2241 1230 2276; x_wconf 79' lang='lat' dir='ltr'>deuentens</span> <span class='ocrx_word' id='word_1_257' title='bbox 1328 2244 1370 2275; x_wconf 82' lang='lat'>27</span> <span class='ocrx_word' id='word_1_258' title='bbox 1411 2240 1466 2274; x_wconf 83' lang='lat' dir='ltr'>di-</span> 
     </span>
     <span class='ocr_line' id='line_1_37' title="bbox 125 2287 1467 2333; baseline -0.001 -9"><span class='ocrx_word' id='word_1_259' title='bbox 125 2289 261 2325; x_wconf 77' lang='lat' dir='ltr'>struxit</span> <span class='ocrx_word' id='word_1_260' title='bbox 285 2290 308 2323; x_wconf 87' lang='grc' dir='ltr'><em>δ</em></span> <span class='ocrx_word' id='word_1_261' title='bbox 381 2292 424 2322; x_wconf 82' lang='lat'>29</span> <span class='ocrx_word' id='word_1_262' title='bbox 450 2288 643 2333; x_wconf 84' lang='lat' dir='ltr'>perlucida</span> <span class='ocrx_word' id='word_1_263' title='bbox 669 2290 707 2322; x_wconf 91' lang='lat' dir='ltr'>et</span> <span class='ocrx_word' id='word_1_264' title='bbox 733 2290 786 2333; x_wconf 64' lang='lat' dir='ltr'>dg</span> <span class='ocrx_word' id='word_1_265' title='bbox 814 2288 1004 2333; x_wconf 88' lang='lat' dir='ltr'>perlucide</span> <span class='ocrx_word' id='word_1_266' title='bbox 1031 2288 1094 2332; x_wconf 72' lang='lat' dir='ltr'>Fcp</span> <span class='ocrx_word' id='word_1_267' title='bbox 1169 2287 1387 2332; x_wconf 83' lang='lat' dir='ltr'>cognouerit</span> <span class='ocrx_word' id='word_1_268' title='bbox 1412 2289 1467 2333; x_wconf 61' lang='lat' dir='ltr'>&amp;g</span> 
     </span>
     <span class='ocr_line' id='line_1_38' title="bbox 124 2336 487 2381; baseline -0.006 -10"><span class='ocrx_word' id='word_1_269' title='bbox 124 2337 396 2381; x_wconf 84' lang='lat' dir='ltr'>cognominarit</span> <span class='ocrx_word' id='word_1_270' title='bbox 422 2336 487 2378; x_wconf 75' lang='lat' dir='ltr'>qu</span> 
     </span>
    </p>
   </div>
   <div class='ocr_carea' id='block_1_5' title="bbox 1537 0 1591 2041">
    <p class='ocr_par' dir='ltr' id='par_1_11' title="bbox 1537 0 1591 2041">
     <span class='ocr_line' id='line_1_39' title="bbox 1537 0 1591 2041; baseline 0 0"><span class='ocrx_word' id='word_1_271' title='bbox 1537 0 1591 2041; x_wconf 95' lang='lat' dir='ltr'> </span> 
     </span>
    </p>
   </div>
  </div>
 </body>
</html>
