1591 2556
508 72 608 108 CAP.
635 72 880 106 XIIII—XV}
1281 74 1301 113 1
1311 74 1363 114 75

20 184 101 223 que
127 169 241 223 ipsas
267 170 358 210 uias
386 169 577 210 obsidere
603 172 645 210 et
670 168 715 209 in
740 168 913 209 modum
943 168 1158 209 latronum
1182 172 1365 223 praeter-

21 231 168 270 euntes
213 228 406 283 adgredi,
450 228 580 269 immo
631 227 759 269 etiam
803 242 985 268 uaesana
1033 227 1144 268 fame
1195 229 1365 269 rabidos

20 287 224 328 finitimas
264 301 504 342 expugnare
545 286 670 328 uillas
703 287 964 340 exitiumque
1006 287 1364 328 inertissimorum

21 347 229 401 pecudum
262 347 366 400 ipsis
397 347 481 387 iam
512 346 709 387 humanis
737 345 946 400 capitibus
979 345 1210 386 imminere.
1253 346 1365 387 deni-

25 420 105 460 que
138 405 190 446 ob
222 405 303 446 iter
334 405 452 460 illud,
484 420 567 460 qua
597 405 722 446 nobis
749 407 838 445 erat
863 405 1197 458 commeandum,
1230 405 1365 446 iacere

23 479 183 505 semesa
225 464 447 505 hominum
486 479 663 519 corpora
706 464 878 518 suisque
917 464 1151 505 uisceribus
1196 464 1365 505 nudatis

23 523 189 564 ossibus
221 526 373 565 cuncta
405 524 580 565 candere
607 538 653 565 ac
685 539 760 577 per
791 523 872 564 hoc
897 538 974 564 nos
1001 538 1168 577 quoque
1201 538 1367 564 summa

23 582 217 623 cautione
249 583 343 624 uiae
375 583 492 624 reddi
524 583 674 624 debere
707 583 833 636 idque
865 582 934 623 uel
969 583 1012 623 in
1043 582 1193 636 primis
1226 582 1366 624 obser-

21 641 170 695 uitare,
189 644 238 682 ut
262 641 355 683 luce
382 642 493 683 clara
519 645 561 683 et
587 642 652 683 die
679 642 763 682 iam
789 644 991 695 prouecto
1019 644 1061 682 et
1087 641 1175 683 sole
1201 641 1366 696 florido,

23 715 118 741 cum
150 703 192 741 et
223 701 315 754 ipso
347 701 507 742 lumine
539 701 725 742 dirarum
757 701 989 742 bestiarum
1022 700 1264 755 repigratur
1289 701 1365 742 im-

22 762 157 814 petus,
190 761 366 802 radiantes
395 761 574 813 medique
606 761 772 801 latentes
803 760 980 801 insidias
1012 774 1097 800 non
1128 759 1363 801 laciniatim

24 818 210 872 disperso
249 819 321 860 sed
365 820 576 860 cuneatim
615 820 773 873 stipato
812 822 1050 860 commeatu
1089 818 1364 860 difficultates

22 877 117 919 illas
149 878 491 920 transabiremus.
542 877 656 919 XVI.
696 878 769 919 sed
800 878 1051 932 nequissimi
1082 878 1259 933 fugitiui
1293 878 1364 919 du-

23 939 160 978 ctores
210 937 275 978 illi
317 938 453 979 nostri
497 952 641 979 caecae
690 937 977 978 festinationis
1027 937 1267 978 temeritate
1318 953 1365 979 ac

22 998 138 1036 metu
182 996 365 1038 incertae
409 997 704 1051 insecutionis,
745 1000 886 1051 spreta
924 996 1085 1038 salubri
1128 997 1365 1038 monitione

22 1069 98 1096 nec
130 1058 350 1109 expectata
381 1056 472 1097 luce
504 1071 723 1110 proxuma,
756 1056 865 1097 circa
890 1056 1060 1096 tertiam
1092 1056 1224 1096 ferme
1255 1056 1366 1110 uigi-

20 1113 123 1154 liam
148 1115 286 1155 noctis
319 1118 495 1156 onustos
527 1130 603 1156 nos
631 1115 682 1156 ad
714 1116 828 1156 uiam
860 1114 1115 1169 propellunt.
1156 1118 1258 1156 tunc
1285 1129 1363 1170 ego

23 1176 138 1214 metu
175 1174 380 1227 praedicti
418 1174 596 1228 periculi
628 1177 834 1228 quantum
874 1176 970 1227 pote
1007 1174 1155 1214 turbae
1199 1174 1364 1215 medius

24 1234 66 1273 et
90 1232 202 1273 inter
227 1233 414 1274 conferta
441 1234 629 1274 iumenta
659 1233 841 1274 latenter
867 1233 1140 1274 absconditus
1167 1233 1363 1274 clunibus

24 1291 128 1332 meis
166 1292 272 1345 <ab>
304 1293 648 1347 adgressionibus
679 1292 827 1333 ferinis
860 1291 1142 1333 consulebam.
1195 1293 1364 1346 iamque

23 1365 90 1391 me
118 1365 242 1391 cursu
270 1351 394 1392 celeri
420 1355 582 1393 ceteros
602 1352 768 1405 <asinos
794 1352 858 1405 et>
884 1365 1014 1405 equos
1041 1351 1363 1392 antecellentem

23 1409 289 1450 mirabantur
320 1425 476 1452 omnes.
519 1410 592 1451 sed
623 1409 698 1451 illa
728 1410 955 1464 pernicitas
982 1425 1066 1451 non
1099 1413 1189 1451 erat
1221 1411 1365 1452 alacri-

24 1468 125 1509 tatis
169 1483 286 1510 meae
325 1470 398 1510 sed
429 1470 670 1511 formidinis
710 1469 924 1510 indicium.
983 1469 1162 1523 denique
1201 1485 1365 1511 mecum

24 1528 114 1581 ipse
142 1528 408 1582 reputabam,
439 1528 651 1584 Pegasum
684 1528 892 1569 inclutum
925 1528 1046 1569 illum
1078 1531 1194 1569 metu
1228 1529 1365 1584 magis

25 1586 256 1628 uolaticum
281 1587 412 1629 fuisse
433 1603 480 1629 ac
506 1603 581 1642 per
609 1588 689 1629 hoc
708 1588 861 1628 merito
888 1587 1111 1642 pinnatum
1136 1588 1367 1641 proditum,

25 1645 125 1686 dum
157 1646 201 1686 in
232 1646 365 1687 altum
392 1650 434 1688 et
467 1647 519 1688 ad
543 1661 677 1701 usque
710 1646 871 1688 caelum
901 1647 1066 1688 sussilit
1098 1661 1144 1687 ac
1176 1647 1368 1701 resultat,

22 1704 255 1746 formidans
282 1706 444 1747 scilicet
468 1706 674 1761 igniferae
699 1721 890 1747 morsum
917 1705 1173 1747 Chimaerae.
1212 1707 1298 1748 iam
1326 1711 1367 1747 et

23 1763 87 1804 illi
112 1767 304 1818 pastores
332 1765 405 1819 qui
430 1780 507 1806 nos
533 1765 728 1820 agebant,
759 1765 804 1806 in
830 1765 1013 1819 speciem
1039 1765 1192 1819 proelii
1216 1781 1366 1806 manus

25 1823 359 1865 obarmauerant.
398 1824 468 1866 hic
493 1824 694 1879 lanceam,
720 1823 793 1865 ille
819 1824 1090 1878 uenabulum,
1117 1824 1225 1866 alius
1254 1839 1367 1880 gere-

94 1962 97 1968 *
120 1967 139 1997 7
171 1941 303 1998 caiiere
335 1977 362 2008 φ
460 1967 480 1997 8
506 1963 608 2010 uiae]
634 1964 698 1998 uia
721 1965 799 2000 cdd.
900 1968 940 1998 11
968 1963 1366 1998 uitantes—insidias

24 2012 234 2055 transposui
253 2016 337 2056 post
360 2011 533 2056 impetus,
560 2013 600 2046 in
619 2013 698 2047 cdd.
720 2013 889 2058 legyuntm·
908 2017 991 2056 post
1016 2011 1147 2046 florido
1224 2016 1266 2045 12
1295 2011 1367 2045 dis-

23 2091 149 2124 persos
175 2083 253 2117 cdd.
353 2085 396 2116 14
422 2067 511 2116 11808
539 2090 569 2124 φ
669 2086 778 2117 17.18
806 2093 874 2127 ego
901 2093 975 2116 non
1000 2081 1139 2116 inscius
1167 2082 1258 2116 dicti
1283 2094 1317 2126 p.
1347 2083 1367 2115 δ

27 2131 69 2162 18
94 2130 180 2172 pote
210 2129 300 2164 Oucl.
327 2130 371 2172 cf.
390 2133 420 2163 7.
438 2133 499 2172 133
527 2132 582 2162 24.
599 2133 642 2163 26
668 2129 775 2174 potui
800 2130 827 2163 F
855 2131 929 2175 (secl
948 2129 987 2163 ui
1006 2134 1055 2164 est
1075 2131 1244 2164 correctio
1266 2141 1307 2164 m.
1326 2132 1366 2164 rs>

24 2176 192 2219 poteram
218 2189 245 2220 φ
272 2178 345 2220 (secl
370 2188 450 2211 ram
475 2177 558 2211 add.
586 2188 630 2210 m.
651 2178 694 2220 fr.)
790 2176 923 2211 melius
951 2177 998 2221 ςο1
1095 2180 1139 2210 20
1165 2176 1270 2223 (ab)
1297 2177 1364 2210 ins.

28 2222 118 2257 ΟΜΖ.
146 2224 189 2266 cf.
219 2227 352 2258 127.31
430 2228 470 2257 ‘21
500 2223 649 2269 <asinos
676 2224 741 2271 et>
768 2225 907 2260 inserui
932 2226 977 2267 cf.
1006 2227 1084 2258 148.
1100 2228 1142 2257 31
1219 2227 1261 2257 ‘26
1290 2234 1367 2256 sus-

25 2304 104 2339 silit
128 2305 156 2338 F
190 2305 339 2340 subsilit
364 2306 450 2349 φΕ.
526 2310 567 2340 27
595 2305 671 2340 iam
693 2306 790 2342 Colu.
817 2318 905 2341 nam
924 2308 1002 2342 cdd.
1079 2309 1122 2340 28
1149 2271 1312 2350 ἓένῗεῗζῖῖ
1340 2319 1366 2348 φ
