1591 2556
180 108 235 148 98
756 108 884 142 LIBRI
909 108 941 143 V

180 207 332 246 cuneta
371 207 602 259 cognorant
639 219 901 258 propereque
939 207 1123 245 maestae
1162 208 1288 259 atque
1318 205 1520 260 lugubres

181 264 346 305 deserto
378 264 464 305 lare
496 264 689 304 certatim
723 263 774 304 ad
799 268 1022 317 parentum
1049 278 1223 304 suorum
1249 267 1519 318 conspectum

180 323 453 377 adfatumque
474 326 756 376 perrexerant.
798 321 848 363 V.
870 338 917 363 ea
948 325 1070 363 nocte
1103 323 1153 363 ad
1187 338 1305 364 suam
1325 322 1520 377 Psychen

179 382 240 423 310
271 382 366 423 infit
409 382 587 422 maritus
619 406 676 410 ——
708 396 888 435 namque
920 384 1087 435 praeter
1120 382 1275 424 osculis
1315 385 1357 423 et
1384 383 1516 423 mani-

180 442 258 482 bus
291 444 333 481 et
365 441 537 481 auribus
570 440 693 481 istius
725 440 833 481 nihil
864 441 1126 481 sentiebatur
1158 467 1214 470 —

271 499 452 553 ‘Psyche
480 499 725 540 dulcissima
757 502 798 540 et
825 514 919 540 cara
945 514 1064 554 uxor,
1096 499 1310 541 exitiabile
1343 500 1422 541 tibi
1453 515 1521 554 pe-

180 559 361 600 riculum
399 558 586 598 minatur
628 558 801 599 fortuna
838 558 1021 612 saeuior,
1054 559 1166 613 quod
1210 559 1521 601 obseruandum

179 618 389 671 pressiore
421 617 585 658 cautela
611 631 770 658 censeo.
822 632 986 658 sorores
1014 617 1096 658 iam
1123 621 1219 659 tuae
1251 618 1402 659 mortis
1435 619 1521 672 opi-

180 677 305 717 nione
337 677 531 717 turbatae
564 679 768 730 tuumque
807 676 1037 731 uestigium
1075 677 1336 731 requirentes
1375 691 1521 732 scopu-

178 736 268 776 lum
294 736 424 776 istum
444 735 639 789 protinus
661 735 850 789 aderunt,
877 750 1054 790 quarum
1075 736 1218 790 siquas
1236 736 1346 777 forte
1366 736 1521 778 lamen-

180 795 362 836 tationes
378 795 599 848 accepefis,
619 809 753 848 neque
768 794 1031 848 respondeas,
1052 794 1180 836 immo
1195 810 1272 836 nec
1287 795 1520 849 prospicias

179 854 369 908 omnino3
416 857 602 894 ceterum
634 853 740 893 mihi
782 854 951 907 quidem
987 854 1288 908 grauissimum
1322 854 1522 909 dolorem,

179 913 259 953 tibi
291 928 392 954 uero
425 927 637 953 summum
670 913 831 953 creabis
864 913 1068 953 exitium.’

268 971 432 1012 Annuit
457 974 499 1012 et
526 987 577 1012 ex
607 971 781 1012 arbitrio
808 972 950 1012 mariti
977 987 1020 1013 se
1046 972 1253 1012 facturam
1281 972 1520 1026 spopondit.

180 1031 253 1071 sed
285 1046 333 1072 eo
366 1030 494 1071 simul
526 1045 620 1071 cum
653 1034 775 1072 nocte
808 1031 970 1084 dilapso
1010 1031 1119 1071 diem
1156 1034 1295 1072 totum
1334 1031 1520 1073 lacrimis

180 1105 227 1130 ac
247 1089 524 1144 plangoribus
550 1089 715 1130 misella
741 1090 964 1143 consumit,
990 1105 1032 1131 se
1058 1104 1169 1131 nunc
1195 1090 1378 1131 maxime
1403 1105 1519 1145 pror-

180 1164 251 1189 sus
283 1149 442 1202 perisse
475 1149 651 1201 iterans7
684 1163 790 1202 quae
821 1149 935 1189 beati
968 1149 1145 1189 carceris
1178 1149 1371 1190 custodia
1402 1152 1522 1204 septa

179 1211 221 1249 et
252 1207 460 1248 humanae
493 1207 827 1249 conuersationis
860 1207 1071 1262 colloquio
1103 1207 1278 1248 uiduata
1306 1223 1382 1249 1160
1408 1223 1520 1250 soro-

178 1267 297 1308 ribus
331 1267 539 1321 [quidem]
572 1267 659 1307 suis
687 1267 736 1307 de
763 1282 806 1307 se
832 1267 1117 1308 maerentibus
1144 1282 1266 1321 opem
1293 1267 1520 1308 salutarem

177 1326 286 1367 ferre
332 1341 378 1367 ac
422 1341 473 1367 ne
517 1326 660 1367 uidere
705 1341 774 1367 eas
816 1326 985 1380 quidem
1019 1325 1190 1367 omnino
1228 1329 1382 1380 posset.
1444 1341 1521 1368 nec

177 1385 347 1426 lauacro
386 1400 462 1426 nec
499 1385 593 1425 cibo
626 1400 701 1426 nec
740 1385 827 1425 ulla
859 1385 1038 1439 denique
1076 1385 1303 1426 refectione
1334 1389 1521 1427 recreata

179 1445 284 1485 flens
316 1444 499 1485 ubertim
532 1444 709 1485 decessit
742 1444 793 1484 ad
825 1458 1030 1485 somnum.
1080 1443 1153 1484 VI.
1180 1459 1256 1485 1160
1281 1459 1400 1485 mora
1424 1459 1520 1486 cum

178 1503 304 1557 paulo
331 1503 539 1550 maturius
571 1503 727 1543 lectum
753 1503 932 1543 maritus
958 1503 1164 1543 accubans
1191 1518 1366 1557 eamque
1393 1504 1520 1545 etiam

178 1577 290 1603 nunc
321 1562 612 1603 lacrimantem
645 1561 889 1615 complexus
922 1562 983 1602 310
1015 1561 1256 1616 expostulat

268 1620 468 1661 eHaecine
500 1620 605 1661 mihi
637 1621 903 1675 pollicebare,
934 1620 1098 1674 Psyche
1129 1621 1250 1662 mea?
1301 1621 1403 1675 quid
1434 1622 1518 1662 iam

180 1680 228 1721 de
261 1683 302 1721 te
334 1683 433 1720 tuus
464 1680 642 1720 maritus
675 1682 862 1734 expecto,
895 1680 996 1734 quid
1028 1680 1182 1734 spero?
1229 1682 1270 1721 et
1301 1680 1447 1734 perdia
1477 1683 1519 1722 et

178 1754 339 1793 pernox
370 1739 568 1793 <ploras>
600 1754 675 1780 nec
706 1739 817 1780 inter
848 1739 1066 1793 amplexus
1093 1739 1334 1794 coniugales
1362 1739 1519 1781 desinis

179 1799 422 1839 cruciatum.
472 1812 548 1852 age
575 1798 659 1838 iam
691 1813 801 1839 nunc
832 1801 880 1838 ut
911 1797 1028 1839 uoles
1061 1801 1102 1839 et
1128 1799 1268 1839 animo
1300 1801 1373 1839 tuo
1406 1799 1517 1839 dam-

285 1929 352 1959 4.5
391 1926 539 1969 praeter
577 1924 711 1959 osculis
750 1926 788 1959 et
813 1925 984 1959 manibus
1022 1927 1060 1960 et
1092 1925 1244 1960 auribus
1281 1925 1389 1959 istius
1420 1925 1517 1959 nihil

176 1973 307 2017 scripsi
353 1974 397 2016 ef.
432 1976 570 2016 92.12;
609 1976 729 2007 8216
780 1972 1008 2007 ...snichil
1039 1973 1066 2006 F
1124 1975 1178 2006 lus
1211 1985 1246 2007 n.
1279 1986 1307 2017 φ
1356 1983 1516 2017 namque

177 2022 326 2064 praeter
358 2019 482 2054 oculos
522 2021 558 2053 et
588 2019 760 2053 manibus
788 2021 824 2054 et
856 2020 1007 2053 auribus
1039 2019 1110 2054 iste
1141 2019 1245 2053 Nihil
1281 2019 1517 2054 sentiebatur

178 2067 219 2101 Ε.
258 2066 328 2100 iste
348 2066 443 2100 nihil
469 2079 534 2101 om.
557 2069 611 2111 ag
637 2068 800 2111 [praeter
819 2067 960 2113 oculos]
980 2068 1114 2102 Becker
1150 2079 1184 2111 p.
1200 2068 1320 2102 oeulos
1339 2078 1369 2101 e.
1395 2068 1514 2101 mam'-

179 2116 245 2148 bus
264 2125 292 2148 e.
309 2125 340 2148 a.
356 2113 387 2147 is
414 2113 507 2147 nihil
534 2125 607 2148 non
638 2114 778 2149 Traube
821 2114 885 2148 ille
916 2114 1034 2148 nihilo
1060 2113 1180 2148 minus
1207 2115 1303 2148 Ialm
1340 2114 1372 2148 is
1397 2113 1516 2148 nihilo

179 2160 297 2195 secius
325 2161 455 2205 Haupt
486 2160 517 2194 is
543 2172 617 2195 non
641 2160 736 2194 nihil
762 2162 881 2205 Luetj.
915 2161 945 2195 is
971 2160 1145 2195 nimirum
1172 2161 1260 2195 Koz.
1360 2164 1402 2195 13
1428 2172 1516 2195 uero

178 2245 257 2278 cdd.
293 2254 378 2277 uere
405 2243 445 2277 E.
552 2247 594 2277 14
626 2243 757 2277 annuit
789 2244 816 2277 F
906 2217 1116 2288 Enifaspondit
1141 2257 1168 2287 φ
1273 2248 1315 2277 15
1348 2255 1431 2278 cum
1462 2242 1516 2277 la-

177 2290 302 2324 crimis
328 2304 355 2334 φ
478 2294 519 2324 17
553 2292 658 2334 septa
684 2291 711 2324 F
833 2295 874 2325 19
909 2291 1091 2337 [quidem]
1125 2291 1295 2325 Mz‘chael.
1327 2291 1372 2335 cf.
1401 2294 1454 2325 73.
1471 2294 1516 2325 28

179 2342 222 2372 26
249 2338 350 2383 pfida
376 2338 438 2381 qu
536 2342 579 2372 ‘27
608 2337 788 2385 (ploras)
814 2339 950 2373 inserui
1052 2342 1094 2372 28
1122 2337 1179 2372 aie
1206 2352 1233 2382 φ

1541 754 1576 780 10

1540 1047 1591 1079 151

1540 1329 1591 1372 20}
