1591 2556
608 83 709 118 CAP.
736 83 991 119 XXI—XXIII
1384 84 1472 125 269

126 181 316 236 nignitas
360 180 575 234 salutaris,
619 179 692 220 sed
734 180 872 221 noctis
913 181 1116 222 obscurae
1157 195 1242 221 non
1281 181 1473 222 obscuris

127 240 318 294 imperiis
343 239 561 280 euidenter
584 239 762 292 monuit,
789 239 1010 281 aduenisse
1038 239 1149 280 diem
1175 239 1282 280 mihi
1308 255 1474 294 semper

129 299 371 354 optabilem,
402 312 486 352 quo
512 312 579 338 me
606 298 794 338 maxumi
820 299 911 339 uoti
938 298 1204 353 compotiret,
1231 301 1474 353 quantoque

129 360 303 412 sumptu
341 357 536 398 deberem
573 371 798 410 procurare
837 357 1206 412 supplicamentis,
1250 358 1474 412 ipsumque

93 435 109 461 5
129 417 332 458 Mithram
370 415 491 457 illum
530 430 654 457 suum
692 416 954 458 sacerdotem
992 417 1285 471 praecipuum,
1329 417 1474 458 diuino

131 476 313 531 quodam
345 475 565 516 stellarum
603 475 834 529 consortio,
873 479 921 516 ut
959 477 1110 530 aiebat,
1141 475 1246 517 mihi
1280 476 1474 517 coniunc-

130 538 235 589 tum,
266 549 482 576 sacrorum
513 534 758 575 ministrum
790 535 988 576 decernit.

221 594 277 648 [p.
294 594 390 635 219.
404 593 473 647 E]
508 593 611 643 Quis
631 596 674 634 et
699 594 849 635 ceteris
876 594 1087 636 beniuolis
1107 594 1344 648 praeceptis
1365 608 1476 636 sum-

130 653 258 694 matis
297 653 397 694 deae
434 655 645 694 recreatus
678 653 826 707 animi,
864 654 1044 695 necdum
1077 654 1181 695 satis
1213 654 1305 695 luce
1336 653 1478 695 lucida

80 731 114 756 ιο
134 713 324 753 discussa
365 712 524 766 quiete,
563 712 758 766 protinus
801 712 853 753 ad
893 713 1205 767 receptaculum
1247 713 1478 754 sacerdotis

131 772 340 813 contendo
380 774 505 825 atque
543 785 639 812 eum
677 771 871 812 cubiculo
910 787 986 813 suo
1026 772 1294 813 commodum
1331 772 1479 826 prode-

131 833 279 872 untem
311 831 552 871 continatus
585 830 735 871 saluto.
786 830 913 872 solito
946 832 1211 872 constantius
1244 831 1478 872 destinaue-

133 905 224 931 ram
261 890 346 930 iam
383 889 503 931 uelut
544 889 733 930 debitum
775 890 905 931 sacris
942 891 1183 944 (imperiis)
1227 890 1478 944 obsequium

133 949 337 1004 flagitare.
395 951 438 989 at
469 948 540 989 ille
573 949 719 990 statim
751 952 800 990 ut
830 964 897 990 me
930 950 1151 1004 conspexit
1182 950 1300 1003 prior
1331 949 1388 990 ‘o'
1419 950 1479 990 in-

82 1025 116 1051 15
136 1008 231 1062 quit
257 1007 377 1048 ‘Luci
407 1010 449 1049 te
474 1008 654 1062 felicem,
685 1011 726 1049 te
752 1008 936 1062 beatum,
969 1024 1093 1063 quem
1119 1009 1306 1063 propitia
1330 1008 1479 1050 uolun-

135 1069 222 1108 tate
262 1081 419 1108 numen
461 1070 689 1122 augustum
730 1070 950 1121 tantopere
992 1069 1208 1123 dignatur!
1276 1070 1318 1108 et
1362 1068 1480 1122 quid'

135 1126 276 1180 inquit
307 1126 407 1167 ‘iam
438 1141 551 1167 nunc
583 1129 669 1167 stas
702 1127 864 1167 otiosus
896 1129 1021 1181 teque
1054 1128 1194 1181 ipsum
1221 1126 1482 1168 demoraris?

136 1185 257 1226 adest
287 1185 367 1226 tibi
400 1185 488 1226 dies
517 1186 631 1226 uotis
657 1185 844 1226 adsiduis
871 1190 1109 1241 exoptatus,
1141 1201 1224 1241 quo
1252 1186 1351 1227 deae
1376 1185 1484 1227 mul—

136 1244 357 1285 tinominis
390 1244 546 1303 diuinis
578 1245 775 1311 imperiis
793 1260 868 1299 pei
899 1246 1002 1287 istas
1026 1260 1141 1287 meas
1167 1260 1318 1286 manus
1343 1245 1481 1299 piissi-

84 1321 119 1346 20
138 1303 220 1344 mis
251 1301 468 1345 sacrorum
501 1305 664 1345 areanis
695 1304 939 1345 insinueris’
972 1308 1014 1346 et
1044 1306 1200 1346 iniecta
1226 1305 1398 1346 dextera
1423 1319 1483 1345 se-

138 1378 219 1404 nex
251 1363 519 1404 comissimus
552 1364 668 1404 ducit
699 1378 765 1404 me
791 1364 985 1417 protinus
1012 1365 1100 1405 ad
1090 1379 1204 1419 ipsas
1230 1364 1342 1405 fores
1369 1363 1483 1404 aedis

139 1421 425 1475 amplissimae
462 1423 631 1477 rituque
670 1422 865 1463 sollemni
897 1424 1129 1477 apertionis
1165 1423 1375 1464 celebrato
1407 1422 1483 1463 mi-

138 1481 315 1522 nisterio
348 1496 395 1522 ac
425 1482 637 1523 matutino
669 1484 839 1535 peracto
871 1482 1078 1524 sacrificio
1105 1483 1155 1523 de
1182 1483 1341 1536 opertis
1368 1481 1484 1535 adyti

139 1540 302 1594 profert
333 1541 538 1594 quosdam
569 1541 702 1582 libros
733 1541 890 1582 litteris
922 1541 1233 1596 ignorabilibus
1265 1543 1485 1595 praenota-

88 1615 122 1642 25
140 1601 220 1653 tos,
244 1599 400 1652 partim
425 1600 577 1654 figuris
603 1600 888 1641 cuiuscemodi
914 1601 1161 1642 animalium
1188 1600 1381 1654 concepti
1404 1615 1486 1641 ser-

141 1658 279 1698 monis
311 1659 608 1713 compendiosa
638 1659 768 1700 uerba
800 1663 1086 1714 suggerentes,
1125 1660 1281 1714 partim
1313 1659 1485 1700 nodosis

142 1719 184 1758 et
216 1717 259 1757 in
290 1718 463 1758 modum
494 1721 611 1760 rotae
642 1719 847 1759 tortuosis
877 1719 1235 1774 capreolatimque
1262 1718 1486 1760 condensis

143 1776 334 1830 apicibus
366 1791 390 1817 a
421 1777 589 1818 curiosa
625 1777 900 1831 profanorum
931 1778 1112 1820 lectione
1143 1778 1319 1819 munita.
1382 1776 1487 1818 indi-

144 1835 239 1876 dem
270 1835 377 1876 mihi
406 1837 620 1889 praedicat
658 1851 763 1891 quae
800 1837 941 1878 forent
978 1838 1030 1878 ad
1067 1852 1191 1879 usum
1229 1837 1381 1878 teletae
1418 1850 1488 1877 ne-

91 1913 125 1938 30
145 1895 326 1935 cessario
364 1896 661 1949 praeparanda.
723 1895 881 1936 XXIII.
923 1912 970 1937 ea
1010 1897 1205 1950 protinus
1243 1896 1410 1936 nauiter
1447 1897 1490 1936 et

146 1953 363 2008 aliquanto
382 1953 601 1995 liberalius
627 1954 784 2009 partim
810 1955 899 2009 ipse
926 1956 1081 2009 partim
1107 1971 1183 2010 per
1207 1970 1325 1996 meos
1352 1954 1488 1995 socios

254 2132 274 2162 3
307 2129 531 2174 compotiret
564 2130 664 2174 Lips.
771 2115 960 2175 cbpeteret
990 2132 1069 2166 cdd.
1177 2134 1218 2164 12
1251 2112 1431 2172 contin3t3
1462 2129 1490 2162 F

149 2175 361 2211 continatus
388 2191 416 2221 φ
443 2176 683 2212 continuatus
711 2179 733 2211 δ
831 2182 873 2212 13
901 2177 1126 2223 (imperiis)
1154 2178 1293 2212 inserui
1318 2178 1362 2220 ef,
1389 2177 1493 2219 infra

148 2234 201 2257 us.
224 2227 266 2257 19
292 2229 326 2259 et
350 2228 429 2259 216.
451 2229 495 2259 24
593 2229 636 2258 23
664 2224 760 2259 aditi
785 2225 812 2259 F
911 2230 955 2259 25
981 2224 1234 2260 cuiuscemodi
1261 2238 1288 2268 φ
1325 2224 1491 2258 cuiusce—

148 2281 208 2304 mo
234 2270 263 2304 F
307 2271 484 2315 cuiusque
516 2272 618 2306 modi
650 2271 690 2307 E.
729 2272 988 2307 huiuscemodi
1020 2274 1043 2307 ὃ
1141 2276 1184 2306 28
1218 2271 1365 2306 curiosa
1393 2272 1491 2307 Prie.

151 2316 368 2353 curiositate
394 2321 474 2354 cdd.
