1591 2556
151 103 234 145 168
702 105 830 139 LIBRI
858 106 944 141 VIII

149 214 247 255 gere
281 204 323 242 et
355 216 458 255 quas
491 201 534 241 in
566 201 703 255 primo
735 217 923 245 maerore
954 202 1149 244 lacrimas
1181 218 1266 244 11011
1296 203 1493 259 habebat,
1544 256 1545 259 Ἴ

150 260 234 300 iam
273 259 435 302 scilicet
473 263 683 301 crescente
721 262 875 316 gaudio
913 262 1085 304 reddere
1124 265 1166 304 et
1201 263 1349 304 multis
1391 263 1492 304 cari-

150 319 252 359 tatis
279 320 522 361 nominibus
543 318 778 361 Veritatem
806 321 941 374 ipsam
969 321 1124 362 fallere.
1161 321 1284 362 illum
1310 323 1492 363 amicum

151 381 423 420 coaetaneum
474 378 840 434 contubernalem,
883 380 1057 422 fratrem
1109 381 1306 435 denique,
1349 381 1492 422 addito

150 437 321 478 nomine
352 437 542 492 lugubri,
575 437 700 493 ciere,
731 453 807 480 nec
839 454 923 479 11011
955 439 1168 480 interdum
1205 454 1355 481 manus
1388 439 1489 481 Cha·
1527 460 1553 487 5,

150 497 253 538 rites
298 511 322 537 a
364 496 583 550 pulsandis
628 497 828 538 uberibus
874 513 1087 553 amouere,
1129 498 1293 540 luctum
1337 499 1491 553 sedare,

150 556 388 596 heiulatum
422 555 660 609 cohercere,
692 557 833 598 uerbis
866 557 1139 611 palpantibus
1171 557 1391 599 stimulum
1424 557 1490 598 do-

150 615 255 655 loris
283 615 528 669 obtundere,
554 616 683 656 uariis
711 616 915 669 exemplis
942 616 1168 671 multiuagi
1193 632 1313 658 casus
1339 617 1493 658 solacia

151 676 329 728 nectere,
357 674 519 715 cunctis
540 677 681 715 tamen
706 675 908 716 mentitae
934 676 1106 729 pietatis
1128 676 1280 717 officiis
1306 676 1492 717 studium

152 734 473 774 contrectandae
511 733 700 774 mulieris
743 734 940 775 adhibere
986 735 1263 789 odiosumque
1308 749 1491 776 amorem
1512 756 1548 782 10

152 807 276 833 suum
307 807 528 846 perperam
556 793 800 834 delectando
833 794 1006 835 nutrire.
1046 794 1118 835 sed
1144 794 1296 835 officiis
1329 794 1493 835 inferia-

150 851 265 892 libus
293 852 438 892 statim
459 852 614 893 exactis
641 852 782 906 puella
807 852 1002 906 protinus
1029 853 1204 894 festinat
1224 853 1276 894 ad
1293 853 1494 894 'maritum

153 925 276 951 suum
328 911 519 952 demeare
564 914 820 965 cunctasque
870 926 1043 965 prorsus
1086 915 1344 966 pertemptat
1391 912 1496 965 uias,

152 973 265 1011 certe
291 970 407 1010 illam
434 970 571 1011 lenem
598 970 862 1024 otiosamque
888 986 963 1012 nec
990 971 1087 1012 telis
1110 971 1209 1013 ullis
1235 971 1494 1026 indigentem

153 1029 226 1070 sed
256 1029 446 1083 placidae
479 1029 613 1083 quieti
644 1029 927 1071 consimilem:
960 1030 1098 1071 inedia
1130 1031 1310 1085 denique
1342 1030 1496 1071 misera
1516 1049 1546 1075 1-

153 1091 195 1128 et
228 1088 389 1129 incuria
428 1087 621 1142 squalida
652 1088 837 1129 tenebris
876 1089 974 1129 imis
1006 1089 1252 1130 abscondita
1282 1090 1367 1130 iam
1399 1104 1494 1130 cum

152 1148 246 1188 luce
291 1150 568 1201 transegerat.
625 1147 698 1188 sed
735 1147 985 1201 Thrasyllus
1029 1148 1233 1189 instantia
1274 1148 1498 1203 peruicaci,
1556 1191 1563 1200 f

152 1207 310 1261 partim
341 1222 416 1260 per
448 1209 582 1247 semet
613 1206 753 1260 ipsum
785 1207 941 1260 partim
973 1222 1048 1261 per
1074 1210 1235 1248 ceteros
1266 1207 1496 1248 familiares
1550 1227 1551 1230 ¹

153 1281 200 1307 ac
238 1266 518 1319 necessarios,
555 1265 672 1319 ipsos
705 1265 884 1320 denique
922 1266 1088 1320 puellae
1126 1270 1322 1320 parentes
1361 1269 1496 1308 extor-
1577 1303 1579 1322 3

154 1328 256 1380 quet
300 1325 488 1379 tandem,
530 1325 613 1365 iam
656 1324 797 1366 lurore
836 1328 878 1366 et
921 1325 1082 1366 inluuie
1125 1341 1257 1380 paene
1301 1326 1533 1380 conlapsa2

153 1385 346 1426 membra
376 1384 565 1438 lauacro,
597 1384 690 1425 cibo
725 1384 904 1438 denique
938 1384 1192 1426 confoueret.
1250 1387 1293 1426 at
1324 1385 1398 1426 illa
1427 1400 1498 1439 pa-

152 1447 322 1485 rentum
362 1458 535 1484 suorum
576 1443 765 1497 alioquin
798 1458 1013 1497 reuerens,
1051 1443 1188 1484 inuita
1229 1444 1399 1498 quidem
1430 1459 1498 1485 ue-

153 1518 247 1543 rum
280 1502 503 1557 religiosae
536 1502 780 1543 necessitati
813 1502 1109 1557 subcumbens,
1140 1503 1263 1554 uultu
1295 1518 1380 1544 non
1410 1503 1499 1557 qui-

155 1562 249 1603 dem
275 1562 412 1602 hilaro
433 1576 582 1602 uerum
613 1561 740 1615 paulo
767 1561 978 1602 sereniore
1006 1562 1165 1615 obiens,
1190 1565 1238 1603 ut
1263 1562 1500 1616 iubebatur,

153 1621 393 1662 uiuentium
424 1620 587 1674 munia,
618 1635 793 1674 prorsus
825 1621 868 1661 in
899 1623 1086 1675 pectore,
1118 1621 1248 1662 immo
1286 1636 1388 1663 uero
1429 1636 1498 1676 pe·
1517 1638 1548 1665 ρ’

153 1681 269 1721 nitus
307 1681 351 1721 in
389 1679 586 1720 medullis
624 1679 742 1720 luctu
776 1695 822 1721 ac
854 1694 1042 1721 maerore
1075 1680 1274 1734 carpebat
1311 1681 1498 1722 animum

154 1743 207 1780 et·
228 1740 316 1780 dies
343 1742 458 1780 totos
484 1741 681 1793 totasque
707 1742 853 1780 noctes
886 1739 1127 1780 insumebat
1157 1739 1217 1780 lu—
1245 1739 1302 1795 [p.
1320 1739 1498 1794 139.E.]

249 1919 268 1947 5
301 1880 435 1959 10816161
455 1914 482 1948 F
515 1914 666 1959 lugubri
693 1915 753 1957 φδ
782 1913 940 1958 lugubre
965 1914 1005 1948 E.
1094 1918 1135 1948 12
1164 1914 1304 1949 exactis
1331 1915 1498 1949 Elmenh.

154 1961 289 1996 *factis
315 1961 343 1995 F
380 1962 515 1996 eractis
543 1970 573 2004 φ
609 1961 789 2006 explectis
816 1963 838 1995 δ
870 1960 1003 1996 erectis
1031 1962 1117 1996 Par.
1202 1965 1244 1996 21
1273 1961 1356 1996 cibo
1391 1963 1500 2006 potu-

155 2020 227 2052 que
261 2008 364 2043 C‘orn.
488 2013 542 2043 22.
560 2013 603 2042 23
636 2020 765 2043 uerum
797 2008 912 2042 etiam
937 2016 967 2051 φ
1089 2012 1132 2042 23
1164 2008 1382 2043 necessitati
1415 2008 1501 2043 reli-

154 2056 283 2101 giosae
305 2064 334 2098 φ
378 2057 427 2090 In
446 2056 473 2089 F
497 2060 573 2092 168.
590 2060 763 2091 24—169.
780 2060 800 2090 5
820 2061 853 2091 et
871 2056 974 2099 infra
995 2059 1257 2091 169.26—170.
1274 2060 1315 2090 11
1342 2061 1429 2091 sunt
1448 2057 1500 2091 Ict-

154 2115 290 2138 cunosa
328 2105 415 2148 qnia
443 2116 533 2147 pars
560 2105 784 2139 membranae
816 2104 947 2148 periit,-
990 2104 1053 2147 qm·
1093 2104 1239 2148 scripsit
1276 2111 1306 2146 φ
1351 2105 1502 2138 lacunas

155 2162 295 2186 ‘uacuas
326 2151 491 2195 reliquit,
524 2152 633 2186 donee
659 2163 702 2186 m.
730 2163 795 2186 rec.
822 2162 882 2185 eas
913 2151 1079 2194 eoepleuz't.
1124 2150 1346 2185 Aemo-atius
1371 2152 1413 2185 de
1445 2151 1504 2185 his

157 2200 299 2234 lacunis
324 2199 380 2244 eqi
405 2198 541 2232 Momm.
570 2201 671 2233 1895.
700 2202 765 2233 177
780 2210 851 2242 sqq.
873 2202 905 2232 et
926 2200 1026 2232 1896.
1054 2200 1122 2231 210
1136 2209 1207 2242 sqq.
1283 2202 1327 2232 24
1354 2197 1502 2243 obiens]

156 2245 334 2280 obediens
361 2246 441 2280 cdd.
540 2250 583 2279 25
611 2245 744 2280 ...nia
769 2245 796 2279 F
828 2245 956 2279 munia
982 2254 1043 2287 rvi—a
1068 2253 1098 2287 φ
1125 2244 1266 2288 (munia
1291 2257 1357 2280 scr.
1383 2257 1428 2280 m.
1455 2246 1502 2289 r.)

155 2304 313 2341 &rursus
339 2292 403 2336 qu
501 2292 709 2337 inspectore
736 2293 818 2336 Fqst
916 2296 959 2326 26
987 2298 1000 2327 i
1025 2291 1200 2326 medullis
1227 2306 1255 2336 φ
1281 2295 1359 2337 (scr.
1387 2304 1430 2327 m.
1456 2293 1502 2335 ν.)
1544 2319 1547 2333 1

156 2369 258 2375 .....
273 2339 319 2374 lis
346 2340 373 2373 F
460 2343 677 2385 27—p.169‚
694 2344 710 2373 1
740 2339 910 2374 luctuoso
938 2339 1122 2374 desiderio
1149 2347 1178 2382 φ
1211 2339 1395 2384 (luctuoso
1421 2338 1502 2373 desi
