<?xml version="1.0" encoding="UTF-8"?>
<!DOCTYPE html PUBLIC "-//W3C//DTD XHTML 1.0 Transitional//EN"
    "http://www.w3.org/TR/xhtml1/DTD/xhtml1-transitional.dtd">
<html xmlns="http://www.w3.org/1999/xhtml" xml:lang="en" lang="en">
 <head>
  <title>
</title>
<meta http-equiv="Content-Type" content="text/html;charset=utf-8" />
  <meta name='ocr-system' content='tesseract 3.04.00' />
  <meta name='ocr-capabilities' content='ocr_page ocr_carea ocr_par ocr_line ocrx_word'/>
</head>
<body>
  <div class='ocr_page' id='page_1' title='image "./metamorphoseonli00apuluoft/metamorphoseonli00apuluoft_0127.png"; bbox 0 0 1591 2556; ppageno 0'>
   <div class='ocr_carea' id='block_1_1' title="bbox 0 0 31 1644">
    <p class='ocr_par' dir='ltr' id='par_1_1' title="bbox 0 0 31 1644">
     <span class='ocr_line' id='line_1_1' title="bbox 0 0 31 1644; baseline 0 0"><span class='ocrx_word' id='word_1_1' title='bbox 0 0 31 1644; x_wconf 95' lang='lat' dir='ltr'> </span> 
     </span>
    </p>
   </div>
   <div class='ocr_carea' id='block_1_2' title="bbox 0 1631 6 2386">
    <p class='ocr_par' dir='ltr' id='par_1_2' title="bbox 0 1631 6 2386">
     <span class='ocr_line' id='line_1_2' title="bbox 0 1631 6 2386; baseline 0 0"><span class='ocrx_word' id='word_1_2' title='bbox 0 1631 6 2386; x_wconf 95' lang='lat' dir='ltr'> </span> 
     </span>
    </p>
   </div>
   <div class='ocr_carea' id='block_1_3' title="bbox 1 1631 5 2386">
    <p class='ocr_par' dir='ltr' id='par_1_3' title="bbox 1 1631 5 2386">
     <span class='ocr_line' id='line_1_3' title="bbox 1 1631 5 2386; baseline 0 0"><span class='ocrx_word' id='word_1_3' title='bbox 1 1631 5 2386; x_wconf 95' lang='lat' dir='ltr'> </span> 
     </span>
    </p>
   </div>
   <div class='ocr_carea' id='block_1_4' title="bbox 2 1631 6 2386">
    <p class='ocr_par' dir='ltr' id='par_1_4' title="bbox 2 1631 6 2386">
     <span class='ocr_line' id='line_1_4' title="bbox 2 1631 6 2386; baseline 0 0"><span class='ocrx_word' id='word_1_4' title='bbox 2 1631 6 2386; x_wconf 95' lang='lat' dir='ltr'> </span> 
     </span>
    </p>
   </div>
   <div class='ocr_carea' id='block_1_5' title="bbox 487 77 1391 119">
    <p class='ocr_par' dir='ltr' id='par_1_5' title="bbox 487 77 1391 119">
     <span class='ocr_line' id='line_1_5' title="bbox 487 77 1391 119; baseline -0.001 -6"><span class='ocrx_word' id='word_1_5' title='bbox 487 78 588 113; x_wconf 74' lang='lat' dir='ltr'>CAP.</span> <span class='ocrx_word' id='word_1_6' title='bbox 616 77 939 113; x_wconf 84' lang='lat' dir='ltr'>XXVIII—XXXI</span> <span class='ocrx_word' id='word_1_7' title='bbox 1337 78 1362 119; x_wconf 84' lang='grc'>9</span> <span class='ocrx_word' id='word_1_8' title='bbox 1370 79 1391 118; x_wconf 81' lang='lat'>1</span> 
     </span>
    </p>
   </div>
   <div class='ocr_carea' id='block_1_6' title="bbox 0 163 1394 1882">
    <p class='ocr_par' dir='ltr' id='par_1_6' title="bbox 5 163 1394 641">
     <span class='ocr_line' id='line_1_6' title="bbox 11 163 1386 228; baseline -0.001 -11.003"><span class='ocrx_word' id='word_1_9' title='bbox 11 163 14 209; x_wconf 64' lang='lat' dir='ltr'>l</span> <span class='ocrx_word' id='word_1_10' title='bbox 45 176 230 217; x_wconf 79' lang='lat' dir='ltr'>sanatur!</span> <span class='ocrx_word' id='word_1_11' title='bbox 263 175 463 216; x_wconf 86' lang='lat' dir='ltr'>nimirum</span> <span class='ocrx_word' id='word_1_12' title='bbox 495 175 710 216; x_wconf 89' lang='lat' dir='ltr'>communi</span> <span class='ocrx_word' id='word_1_13' title='bbox 735 174 922 215; x_wconf 85' lang='lat' dir='ltr'>numinis</span> <span class='ocrx_word' id='word_1_14' title='bbox 954 175 1169 228; x_wconf 86' lang='lat' dir='ltr'>piamento</span> <span class='ocrx_word' id='word_1_15' title='bbox 1202 175 1386 216; x_wconf 85' lang='lat' dir='ltr'>uicariae</span> 
     </span>
     <span class='ocr_line' id='line_1_7' title="bbox 6 230 1390 289; baseline -0.001 -12"><span class='ocrx_word' id='word_1_16' title='bbox 6 239 13 289; x_wconf 67' lang='lat' dir='ltr'>‚J</span> <span class='ocrx_word' id='word_1_17' title='bbox 45 230 330 276; x_wconf 79' lang='lat' dir='ltr'>uenerationis</span> <span class='ocrx_word' id='word_1_18' title='bbox 356 233 584 275; x_wconf 66' lang='lat' dir='ltr'>‘incertum</span> <span class='ocrx_word' id='word_1_19' title='bbox 629 233 846 274; x_wconf 73' lang='lat' dir='ltr'>sustinebo</span> <span class='ocrx_word' id='word_1_20' title='bbox 892 235 934 274; x_wconf 89' lang='lat' dir='ltr'>et</span> <span class='ocrx_word' id='word_1_21' title='bbox 978 233 1207 288; x_wconf 80' lang='lat' dir='ltr'>imaginem</span> <span class='ocrx_word' id='word_1_22' title='bbox 1252 249 1390 275; x_wconf 85' lang='lat' dir='ltr'>meam</span> 
     </span>
     <span class='ocr_line' id='line_1_8' title="bbox 6 291 1391 351; baseline -0.001 -16"><span class='ocrx_word' id='word_1_23' title='bbox 6 298 12 351; x_wconf 48' lang='grc' dir='ltr'><strong>ἦ</strong></span> <span class='ocrx_word' id='word_1_24' title='bbox 45 293 311 335; x_wconf 75' lang='lat' dir='ltr'>circumferet</span> <span class='ocrx_word' id='word_1_25' title='bbox 348 291 489 347; x_wconf 88' lang='lat' dir='ltr'>puella</span> <span class='ocrx_word' id='word_1_26' title='bbox 526 292 743 333; x_wconf 87' lang='lat' dir='ltr'>moritura.</span> <span class='ocrx_word' id='word_1_27' title='bbox 805 291 966 333; x_wconf 88' lang='lat' dir='ltr'>frustra</span> <span class='ocrx_word' id='word_1_28' title='bbox 1008 307 1075 333; x_wconf 91' lang='lat' dir='ltr'>me</span> <span class='ocrx_word' id='word_1_29' title='bbox 1119 295 1265 346; x_wconf 86' lang='lat' dir='ltr'>pastor</span> <span class='ocrx_word' id='word_1_30' title='bbox 1306 292 1391 347; x_wconf 83' lang='lat' dir='ltr'>ille,</span> 
     </span>
     <span class='ocr_line' id='line_1_9' title="bbox 6 350 1392 406; baseline -0.001 -12"><span class='ocrx_word' id='word_1_31' title='bbox 6 370 12 388; x_wconf 59' lang='lat' dir='ltr'>v</span> <span class='ocrx_word' id='word_1_32' title='bbox 45 353 165 394; x_wconf 89' lang='lat' dir='ltr'>cuius</span> <span class='ocrx_word' id='word_1_33' title='bbox 191 351 400 393; x_wconf 86' lang='lat' dir='ltr'>iustitiam</span> <span class='ocrx_word' id='word_1_34' title='bbox 425 351 636 405; x_wconf 88' lang='lat' dir='ltr'>fidemque</span> <span class='ocrx_word' id='word_1_35' title='bbox 661 364 842 406; x_wconf 85' lang='lat' dir='ltr'>magnus</span> <span class='ocrx_word' id='word_1_36' title='bbox 869 351 1164 405; x_wconf 87' lang='lat' dir='ltr'>comprobauit</span> <span class='ocrx_word' id='word_1_37' title='bbox 1188 350 1392 406; x_wconf 76' lang='lat' dir='ltr'>Iuppiter,</span> 
     </span>
     <span class='ocr_line' id='line_1_10' title="bbox 47 409 1392 464; baseline -0.001 -12.03"><span class='ocrx_word' id='word_1_38' title='bbox 47 412 100 452; x_wconf 90' lang='lat' dir='ltr'>ob</span> <span class='ocrx_word' id='word_1_39' title='bbox 133 411 332 452; x_wconf 83' lang='lat' dir='ltr'>eximiam</span> <span class='ocrx_word' id='word_1_40' title='bbox 364 410 548 464; x_wconf 89' lang='lat' dir='ltr'>speciem</span> <span class='ocrx_word' id='word_1_41' title='bbox 579 410 710 451; x_wconf 87' lang='lat' dir='ltr'>tantis</span> <span class='ocrx_word' id='word_1_42' title='bbox 741 409 945 464; x_wconf 89' lang='lat' dir='ltr'>praetulit</span> <span class='ocrx_word' id='word_1_43' title='bbox 976 410 1145 451; x_wconf 83' lang='lat' dir='ltr'>deabus.</span> <span class='ocrx_word' id='word_1_44' title='bbox 1202 410 1275 451; x_wconf 89' lang='lat' dir='ltr'>sed</span> <span class='ocrx_word' id='word_1_45' title='bbox 1307 425 1392 451; x_wconf 90' lang='lat' dir='ltr'>non</span> 
     </span>
     <span class='ocr_line' id='line_1_11' title="bbox 6 468 1392 525; baseline -0.001 -14"><span class='ocrx_word' id='word_1_46' title='bbox 6 472 11 503; x_wconf 67' lang='grc' dir='ltr'>ι’</span> <span class='ocrx_word' id='word_1_47' title='bbox 47 470 148 511; x_wconf 90' lang='lat' dir='ltr'>adeo</span> <span class='ocrx_word' id='word_1_48' title='bbox 196 469 383 525; x_wconf 87' lang='lat' dir='ltr'>gaudens</span> <span class='ocrx_word' id='word_1_49' title='bbox 428 470 527 523; x_wconf 71' lang='lat' dir='ltr'>ista,</span> <span class='ocrx_word' id='word_1_50' title='bbox 572 483 861 523; x_wconf 87' lang='lat' dir='ltr'>quaecumque</span> <span class='ocrx_word' id='word_1_51' title='bbox 904 471 985 523; x_wconf 85' lang='lat' dir='ltr'>est,</span> <span class='ocrx_word' id='word_1_52' title='bbox 1035 484 1153 510; x_wconf 89' lang='lat' dir='ltr'>meos</span> <span class='ocrx_word' id='word_1_53' title='bbox 1196 468 1392 523; x_wconf 76' lang='lat' dir='ltr'>honores,</span> 
     </span>
     <span class='ocr_line' id='line_1_12' title="bbox 10 527 1394 583; baseline -0.001 -13"><span class='ocrx_word' id='word_1_54' title='bbox 10 555 11 559; x_wconf 63' lang='lat'><em>=</em></span> <span class='ocrx_word' id='word_1_55' title='bbox 45 529 331 583; x_wconf 87' lang='lat' dir='ltr'>usurpauerit:</span> <span class='ocrx_word' id='word_1_56' title='bbox 364 528 448 569; x_wconf 90' lang='lat' dir='ltr'>iam</span> <span class='ocrx_word' id='word_1_57' title='bbox 480 528 578 569; x_wconf 82' lang='lat' dir='ltr'>faxo</span> <span class='ocrx_word' id='word_1_58' title='bbox 610 527 736 569; x_wconf 87' lang='lat' dir='ltr'>huius</span> <span class='ocrx_word' id='word_1_59' title='bbox 769 528 897 569; x_wconf 86' lang='lat' dir='ltr'>etiam</span> <span class='ocrx_word' id='word_1_60' title='bbox 930 528 1067 582; x_wconf 81' lang='lat' dir='ltr'>ipsam</span> <span class='ocrx_word' id='word_1_61' title='bbox 1098 528 1285 569; x_wconf 71' lang='lat' dir='ltr'>inlicitae</span> <span class='ocrx_word' id='word_1_62' title='bbox 1311 529 1394 569; x_wconf 90' lang='lat' dir='ltr'>for-</span> 
     </span>
     <span class='ocr_line' id='line_1_13' title="bbox 9 584 563 641; baseline 0.002 -14"><span class='ocrx_word' id='word_1_63' title='bbox 9 584 10 627; x_wconf 69' lang='grc' dir='ltr'><strong>Ῑ</strong></span> <span class='ocrx_word' id='word_1_64' title='bbox 47 588 290 629; x_wconf 85' lang='lat' dir='ltr'>monsitatis</span> <span class='ocrx_word' id='word_1_65' title='bbox 322 587 563 641; x_wconf 86' lang='lat' dir='ltr'>paeniteat.’</span> 
     </span>
    </p>

    <p class='ocr_par' dir='ltr' id='par_1_7' title="bbox 0 645 1393 1821">
     <span class='ocr_line' id='line_1_14' title="bbox 8 645 1393 700; baseline -0.001 -12"><span class='ocrx_word' id='word_1_66' title='bbox 8 689 9 695; x_wconf 59' lang='grc'>,</span> <span class='ocrx_word' id='word_1_67' title='bbox 132 647 192 688; x_wconf 87' lang='lat' dir='ltr'>Et</span> <span class='ocrx_word' id='word_1_68' title='bbox 223 649 347 688; x_wconf 88' lang='lat' dir='ltr'>uocat</span> <span class='ocrx_word' id='word_1_69' title='bbox 380 646 603 688; x_wconf 84' lang='lat' dir='ltr'>confestim</span> <span class='ocrx_word' id='word_1_70' title='bbox 641 660 819 700; x_wconf 86' lang='lat' dir='ltr'>puerum</span> <span class='ocrx_word' id='word_1_71' title='bbox 852 660 976 687; x_wconf 88' lang='lat' dir='ltr'>suum</span> <span class='ocrx_word' id='word_1_72' title='bbox 1013 646 1237 700; x_wconf 89' lang='lat' dir='ltr'>pinnatum</span> <span class='ocrx_word' id='word_1_73' title='bbox 1269 645 1393 687; x_wconf 90' lang='lat' dir='ltr'>illum</span> 
     </span>
     <span class='ocr_line' id='line_1_15' title="bbox 7 704 1391 759; baseline -0.001 -12"><span class='ocrx_word' id='word_1_74' title='bbox 7 704 9 730; x_wconf 60' lang='lat'><strong>¹</strong></span> <span class='ocrx_word' id='word_1_75' title='bbox 45 709 86 747; x_wconf 89' lang='lat' dir='ltr'>et</span> <span class='ocrx_word' id='word_1_76' title='bbox 118 706 222 747; x_wconf 88' lang='lat' dir='ltr'>satis</span> <span class='ocrx_word' id='word_1_77' title='bbox 248 705 533 759; x_wconf 78' lang='lat' dir='ltr'>temerarium,</span> <span class='ocrx_word' id='word_1_78' title='bbox 565 705 638 759; x_wconf 87' lang='lat' dir='ltr'>qui</span> <span class='ocrx_word' id='word_1_79' title='bbox 664 705 788 746; x_wconf 87' lang='lat' dir='ltr'>malis</span> <span class='ocrx_word' id='word_1_80' title='bbox 815 705 903 746; x_wconf 91' lang='lat' dir='ltr'>suis</span> <span class='ocrx_word' id='word_1_81' title='bbox 929 705 1120 746; x_wconf 89' lang='lat' dir='ltr'>moribus</span> <span class='ocrx_word' id='word_1_82' title='bbox 1147 708 1391 759; x_wconf 87' lang='lat' dir='ltr'>contempta</span> 
     </span>
     <span class='ocr_line' id='line_1_16' title="bbox 2 764 1391 821; baseline -0.001 -15"><span class='ocrx_word' id='word_1_83' title='bbox 2 768 9 821; x_wconf 20' lang='grc' dir='ltr'>’ἐ</span> <span class='ocrx_word' id='word_1_84' title='bbox 44 764 266 819; x_wconf 83' lang='lat' dir='ltr'>disciplina</span> <span class='ocrx_word' id='word_1_85' title='bbox 285 764 466 818; x_wconf 80' lang='lat' dir='ltr'>publica,</span> <span class='ocrx_word' id='word_1_86' title='bbox 480 764 662 805; x_wconf 87' lang='lat' dir='ltr'>flammis</span> <span class='ocrx_word' id='word_1_87' title='bbox 677 767 718 805; x_wconf 91' lang='lat' dir='ltr'>et</span> <span class='ocrx_word' id='word_1_88' title='bbox 739 764 909 819; x_wconf 80' lang='lat' dir='ltr'>sagittis</span> <span class='ocrx_word' id='word_1_89' title='bbox 930 767 1117 805; x_wconf 88' lang='lat' dir='ltr'>armatus</span> <span class='ocrx_word' id='word_1_90' title='bbox 1137 779 1212 818; x_wconf 88' lang='lat' dir='ltr'>per</span> <span class='ocrx_word' id='word_1_91' title='bbox 1232 764 1391 805; x_wconf 87' lang='lat' dir='ltr'>alienas</span> 
     </span>
     <span class='ocr_line' id='line_1_17' title="bbox 0 823 1391 884; baseline 0 -20"><span class='ocrx_word' id='word_1_92' title='bbox 0 871 2 884; x_wconf 29' lang='lat' dir='ltr'><em>s</em></span> <span class='ocrx_word' id='word_1_93' title='bbox 44 824 191 865; x_wconf 88' lang='lat' dir='ltr'>domos</span> <span class='ocrx_word' id='word_1_94' title='bbox 229 827 353 865; x_wconf 90' lang='lat' dir='ltr'>nocte</span> <span class='ocrx_word' id='word_1_95' title='bbox 391 823 631 864; x_wconf 84' lang='lat' dir='ltr'>discurrens</span> <span class='ocrx_word' id='word_1_96' title='bbox 675 826 717 864; x_wconf 92' lang='lat' dir='ltr'>et</span> <span class='ocrx_word' id='word_1_97' title='bbox 756 824 947 864; x_wconf 88' lang='lat' dir='ltr'>omnium</span> <span class='ocrx_word' id='word_1_98' title='bbox 985 824 1259 864; x_wconf 87' lang='lat' dir='ltr'>matrimonia</span> <span class='ocrx_word' id='word_1_99' title='bbox 1303 838 1391 864; x_wconf 88' lang='lat' dir='ltr'>cor-</span> 
     </span>
     <span class='ocr_line' id='line_1_18' title="bbox 0 882 1390 938; baseline -0.001 -14"><span class='ocrx_word' id='word_1_100' title='bbox 0 929 1 938; x_wconf 20' lang='lat'>¹</span> <span class='ocrx_word' id='word_1_101' title='bbox 43 898 242 937; x_wconf 82' lang='lat' dir='ltr'>rumpens</span> <span class='ocrx_word' id='word_1_102' title='bbox 272 883 444 936; x_wconf 87' lang='lat' dir='ltr'>impune</span> <span class='ocrx_word' id='word_1_103' title='bbox 476 882 708 923; x_wconf 86' lang='lat' dir='ltr'>committit</span> <span class='ocrx_word' id='word_1_104' title='bbox 732 885 852 923; x_wconf 87' lang='lat' dir='ltr'>tanta</span> <span class='ocrx_word' id='word_1_105' title='bbox 876 883 1040 937; x_wconf 89' lang='lat' dir='ltr'>flagitia</span> <span class='ocrx_word' id='word_1_106' title='bbox 1067 885 1108 924; x_wconf 94' lang='lat' dir='ltr'>et</span> <span class='ocrx_word' id='word_1_107' title='bbox 1132 882 1243 923; x_wconf 86' lang='lat' dir='ltr'>nihil</span> <span class='ocrx_word' id='word_1_108' title='bbox 1274 897 1390 936; x_wconf 87' lang='lat' dir='ltr'>pror-</span> 
     </span>
     <span class='ocr_line' id='line_1_19' title="bbox 0 941 1390 1000; baseline 0 -18"><span class='ocrx_word' id='word_1_109' title='bbox 0 985 2 1000; x_wconf 68' lang='lat'>‚</span> <span class='ocrx_word' id='word_1_110' title='bbox 43 957 114 983; x_wconf 87' lang='lat' dir='ltr'>sus</span> <span class='ocrx_word' id='word_1_111' title='bbox 146 942 246 983; x_wconf 89' lang='lat' dir='ltr'>boni</span> <span class='ocrx_word' id='word_1_112' title='bbox 277 941 389 983; x_wconf 87' lang='lat' dir='ltr'>facit.</span> <span class='ocrx_word' id='word_1_113' title='bbox 450 941 564 982; x_wconf 85' lang='lat' dir='ltr'>hunc</span> <span class='ocrx_word' id='word_1_114' title='bbox 596 956 837 996; x_wconf 75' lang='lat' dir='ltr'>quanquam</span> <span class='ocrx_word' id='word_1_115' title='bbox 870 942 1054 996; x_wconf 88' lang='lat' dir='ltr'>genuina</span> <span class='ocrx_word' id='word_1_116' title='bbox 1091 942 1263 983; x_wconf 91' lang='lat' dir='ltr'>licentia</span> <span class='ocrx_word' id='word_1_117' title='bbox 1295 957 1390 996; x_wconf 86' lang='lat' dir='ltr'>pro—</span> 
     </span>
     <span class='ocr_line' id='line_1_20' title="bbox 5 999 1392 1055; baseline 0.001 -15"><span class='ocrx_word' id='word_1_118' title='bbox 5 999 19 1040; x_wconf 65' lang='lat'>³.</span> <span class='ocrx_word' id='word_1_119' title='bbox 45 1016 183 1043; x_wconf 86' lang='lat' dir='ltr'>cacem</span> <span class='ocrx_word' id='word_1_120' title='bbox 210 1001 351 1042; x_wconf 89' lang='lat' dir='ltr'>uerbis</span> <span class='ocrx_word' id='word_1_121' title='bbox 390 1015 557 1055; x_wconf 88' lang='lat' dir='ltr'>quoque</span> <span class='ocrx_word' id='word_1_122' title='bbox 596 1001 770 1054; x_wconf 86' lang='lat' dir='ltr'>insuper</span> <span class='ocrx_word' id='word_1_123' title='bbox 807 1001 1001 1042; x_wconf 88' lang='lat' dir='ltr'>stimulat</span> <span class='ocrx_word' id='word_1_124' title='bbox 1038 1004 1081 1042; x_wconf 86' lang='lat' dir='ltr'>et</span> <span class='ocrx_word' id='word_1_125' title='bbox 1112 1001 1307 1055; x_wconf 86' lang='lat' dir='ltr'>perducit</span> <span class='ocrx_word' id='word_1_126' title='bbox 1338 1001 1392 1042; x_wconf 90' lang='lat' dir='ltr'>ad</span> 
     </span>
     <span class='ocr_line' id='line_1_21' title="bbox 0 1059 1390 1114; baseline 0 -14"><span class='ocrx_word' id='word_1_127' title='bbox 0 1069 7 1108; x_wconf 67' lang='grc' dir='ltr'>ᾗ</span> <span class='ocrx_word' id='word_1_128' title='bbox 45 1060 160 1101; x_wconf 79' lang='lat' dir='ltr'>illam</span> <span class='ocrx_word' id='word_1_129' title='bbox 193 1060 409 1101; x_wconf 87' lang='lat' dir='ltr'>ciuitatem</span> <span class='ocrx_word' id='word_1_130' title='bbox 441 1063 483 1100; x_wconf 90' lang='lat' dir='ltr'>et</span> <span class='ocrx_word' id='word_1_131' title='bbox 508 1059 868 1113; x_wconf 82' lang='lat' dir='ltr'>Psychen—hoc</span> <span class='ocrx_word' id='word_1_132' title='bbox 900 1060 1012 1101; x_wconf 88' lang='lat' dir='ltr'>enim</span> <span class='ocrx_word' id='word_1_133' title='bbox 1044 1060 1215 1101; x_wconf 91' lang='lat' dir='ltr'>nomine</span> <span class='ocrx_word' id='word_1_134' title='bbox 1247 1060 1390 1114; x_wconf 89' lang='lat' dir='ltr'>puella</span> 
     </span>
     <span class='ocr_line' id='line_1_22' title="bbox 43 1118 1389 1173; baseline 0 -14"><span class='ocrx_word' id='word_1_135' title='bbox 43 1118 196 1160; x_wconf 88' lang='lat' dir='ltr'>XXXI.</span> <span class='ocrx_word' id='word_1_136' title='bbox 223 1119 618 1172; x_wconf 79' lang='lat' dir='ltr'>nuncupabatur—</span> <span class='ocrx_word' id='word_1_137' title='bbox 633 1133 774 1160; x_wconf 86' lang='lat' dir='ltr'>coram</span> <span class='ocrx_word' id='word_1_138' title='bbox 800 1119 988 1160; x_wconf 87' lang='lat' dir='ltr'>ostendit</span> <span class='ocrx_word' id='word_1_139' title='bbox 1008 1122 1061 1172; x_wconf 78' lang='lat' dir='ltr'>et,</span> <span class='ocrx_word' id='word_1_140' title='bbox 1081 1122 1172 1160; x_wconf 90' lang='lat' dir='ltr'>tota</span> <span class='ocrx_word' id='word_1_141' title='bbox 1197 1119 1272 1160; x_wconf 80' lang='lat' dir='ltr'>illa</span> <span class='ocrx_word' id='word_1_142' title='bbox 1296 1134 1389 1173; x_wconf 83' lang='lat' dir='ltr'>per-</span> 
     </span>
     <span class='ocr_line' id='line_1_23' title="bbox 42 1174 1389 1232; baseline 0 -13"><span class='ocrx_word' id='word_1_143' title='bbox 42 1177 130 1219; x_wconf 89' lang='lat' dir='ltr'>lata</span> <span class='ocrx_word' id='word_1_144' title='bbox 166 1174 222 1219; x_wconf 44' lang='lat' dir='ltr'>&#39;de</span> <span class='ocrx_word' id='word_1_145' title='bbox 265 1177 574 1219; x_wconf 87' lang='lat' dir='ltr'>formonsitatis</span> <span class='ocrx_word' id='word_1_146' title='bbox 618 1177 901 1218; x_wconf 86' lang='lat' dir='ltr'>aemulatione</span> <span class='ocrx_word' id='word_1_147' title='bbox 938 1177 1099 1231; x_wconf 82' lang='lat' dir='ltr'>fabula,</span> <span class='ocrx_word' id='word_1_148' title='bbox 1127 1192 1299 1232; x_wconf 83' lang='lat' dir='ltr'>gemens</span> <span class='ocrx_word' id='word_1_149' title='bbox 1340 1193 1389 1219; x_wconf 88' lang='lat' dir='ltr'>ac</span> 
     </span>
     <span class='ocr_line' id='line_1_24' title="bbox 4 1236 1389 1292; baseline 0.001 -15"><span class='ocrx_word' id='word_1_150' title='bbox 4 1284 5 1292; x_wconf 13' lang='grc' dir='ltr'>ἵ</span> <span class='ocrx_word' id='word_1_151' title='bbox 43 1237 226 1278; x_wconf 85' lang='lat' dir='ltr'>fremens</span> <span class='ocrx_word' id='word_1_152' title='bbox 258 1236 550 1291; x_wconf 85' lang='lat' dir='ltr'>indignatione</span> <span class='ocrx_word' id='word_1_153' title='bbox 583 1236 672 1290; x_wconf 73' lang='lat' dir='ltr'>eper</span> <span class='ocrx_word' id='word_1_154' title='bbox 705 1250 782 1291; x_wconf 90' lang='lat' dir='ltr'>ego</span> <span class='ocrx_word' id='word_1_155' title='bbox 803 1237 862 1278; x_wconf 79' lang='lat' dir='ltr'>te&#39;</span> <span class='ocrx_word' id='word_1_156' title='bbox 894 1237 1034 1291; x_wconf 83' lang='lat' dir='ltr'>inquit</span> <span class='ocrx_word' id='word_1_157' title='bbox 1067 1237 1297 1278; x_wconf 71' lang='lat' dir='ltr'>ematernae</span> <span class='ocrx_word' id='word_1_158' title='bbox 1324 1252 1389 1279; x_wconf 88' lang='lat' dir='ltr'>ca-</span> 
     </span>
     <span class='ocr_line' id='line_1_25' title="bbox 4 1295 1387 1350; baseline 0.001 -14"><span class='ocrx_word' id='word_1_159' title='bbox 4 1299 5 1314; x_wconf 64' lang='lat'><em>*</em></span> <span class='ocrx_word' id='word_1_160' title='bbox 44 1295 184 1337; x_wconf 87' lang='lat' dir='ltr'>ritatis</span> <span class='ocrx_word' id='word_1_161' title='bbox 215 1295 384 1336; x_wconf 88' lang='lat' dir='ltr'>foedera</span> <span class='ocrx_word' id='word_1_162' title='bbox 416 1295 632 1349; x_wconf 81' lang='lat' dir='ltr'>deprecor,</span> <span class='ocrx_word' id='word_1_163' title='bbox 668 1310 745 1349; x_wconf 86' lang='lat' dir='ltr'>per</span> <span class='ocrx_word' id='word_1_164' title='bbox 782 1299 878 1336; x_wconf 88' lang='lat' dir='ltr'>tuae</span> <span class='ocrx_word' id='word_1_165' title='bbox 911 1296 1091 1350; x_wconf 86' lang='lat' dir='ltr'>sagittae</span> <span class='ocrx_word' id='word_1_166' title='bbox 1125 1296 1264 1337; x_wconf 89' lang='lat' dir='ltr'>dulcia</span> <span class='ocrx_word' id='word_1_167' title='bbox 1295 1296 1387 1337; x_wconf 81' lang='lat' dir='ltr'>uul-</span> 
     </span>
     <span class='ocr_line' id='line_1_26' title="bbox 46 1354 1389 1409; baseline 0.001 -14"><span class='ocrx_word' id='word_1_168' title='bbox 46 1369 161 1409; x_wconf 81' lang='lat' dir='ltr'>nera,</span> <span class='ocrx_word' id='word_1_169' title='bbox 198 1369 273 1408; x_wconf 83' lang='lat' dir='ltr'>per</span> <span class='ocrx_word' id='word_1_170' title='bbox 304 1355 497 1395; x_wconf 87' lang='lat' dir='ltr'>flammae</span> <span class='ocrx_word' id='word_1_171' title='bbox 530 1354 654 1395; x_wconf 88' lang='lat' dir='ltr'>istius</span> <span class='ocrx_word' id='word_1_172' title='bbox 686 1354 871 1395; x_wconf 89' lang='lat' dir='ltr'>mellitas</span> <span class='ocrx_word' id='word_1_173' title='bbox 903 1355 1117 1408; x_wconf 73' lang='lat' dir='ltr'>uredines,</span> <span class='ocrx_word' id='word_1_174' title='bbox 1155 1355 1389 1396; x_wconf 87' lang='lat' dir='ltr'>uindictam</span> 
     </span>
     <span class='ocr_line' id='line_1_27' title="bbox 3 1409 1387 1468; baseline 0.001 -14"><span class='ocrx_word' id='word_1_175' title='bbox 3 1409 5 1448; x_wconf 64' lang='grc' dir='ltr'>ἕ</span> <span class='ocrx_word' id='word_1_176' title='bbox 45 1417 141 1455; x_wconf 91' lang='lat' dir='ltr'>tuae</span> <span class='ocrx_word' id='word_1_177' title='bbox 161 1414 326 1468; x_wconf 87' lang='lat' dir='ltr'>parenti</span> <span class='ocrx_word' id='word_1_178' title='bbox 346 1413 419 1454; x_wconf 89' lang='lat' dir='ltr'>sed</span> <span class='ocrx_word' id='word_1_179' title='bbox 438 1413 606 1467; x_wconf 87' lang='lat' dir='ltr'>plenam</span> <span class='ocrx_word' id='word_1_180' title='bbox 627 1413 766 1454; x_wconf 88' lang='lat' dir='ltr'>tribue</span> <span class='ocrx_word' id='word_1_181' title='bbox 787 1417 829 1454; x_wconf 89' lang='lat' dir='ltr'>et</span> <span class='ocrx_word' id='word_1_182' title='bbox 849 1414 893 1454; x_wconf 88' lang='lat' dir='ltr'>in</span> <span class='ocrx_word' id='word_1_183' title='bbox 913 1413 1275 1468; x_wconf 78' lang='lat' dir='ltr'>pulchritudinem</span> <span class='ocrx_word' id='word_1_184' title='bbox 1292 1429 1387 1456; x_wconf 92' lang='lat' dir='ltr'>con-</span> 
     </span>
     <span class='ocr_line' id='line_1_28' title="bbox 2 1472 1386 1527; baseline 0 -13"><span class='ocrx_word' id='word_1_185' title='bbox 2 1505 4 1518; x_wconf 29' lang='grc'>1</span> <span class='ocrx_word' id='word_1_186' title='bbox 44 1475 254 1514; x_wconf 90' lang='lat' dir='ltr'>tumacem</span> <span class='ocrx_word' id='word_1_187' title='bbox 279 1473 482 1514; x_wconf 68' lang='lat' dir='ltr'>seueriter</span> <span class='ocrx_word' id='word_1_188' title='bbox 502 1472 671 1513; x_wconf 88' lang='lat' dir='ltr'>uindica</span> <span class='ocrx_word' id='word_1_189' title='bbox 696 1472 822 1527; x_wconf 89' lang='lat' dir='ltr'>idque</span> <span class='ocrx_word' id='word_1_190' title='bbox 843 1487 975 1514; x_wconf 89' lang='lat' dir='ltr'>unum</span> <span class='ocrx_word' id='word_1_191' title='bbox 1001 1476 1043 1514; x_wconf 89' lang='lat' dir='ltr'>et</span> <span class='ocrx_word' id='word_1_192' title='bbox 1062 1487 1163 1527; x_wconf 76' lang='lat' dir='ltr'>prae</span> <span class='ocrx_word' id='word_1_193' title='bbox 1189 1473 1386 1514; x_wconf 85' lang='lat' dir='ltr'>omnibus</span> 
     </span>
     <span class='ocr_line' id='line_1_29' title="bbox 45 1530 1386 1587; baseline 0.001 -15"><span class='ocrx_word' id='word_1_194' title='bbox 45 1532 216 1573; x_wconf 89' lang='lat' dir='ltr'>unicum</span> <span class='ocrx_word' id='word_1_195' title='bbox 247 1531 394 1572; x_wconf 90' lang='lat' dir='ltr'>uolens</span> <span class='ocrx_word' id='word_1_196' title='bbox 427 1530 560 1572; x_wconf 80' lang='lat' dir='ltr'>effice:</span> <span class='ocrx_word' id='word_1_197' title='bbox 603 1531 727 1586; x_wconf 86' lang='lat' dir='ltr'>uirgo</span> <span class='ocrx_word' id='word_1_198' title='bbox 759 1532 843 1572; x_wconf 86' lang='lat' dir='ltr'>ista</span> <span class='ocrx_word' id='word_1_199' title='bbox 875 1546 1016 1572; x_wconf 89' lang='lat' dir='ltr'>amore</span> <span class='ocrx_word' id='word_1_200' title='bbox 1048 1532 1386 1587; x_wconf 89' lang='lat' dir='ltr'>fraglantissimo</span> 
     </span>
     <span class='ocr_line' id='line_1_30' title="bbox 2 1590 1388 1656; baseline 0 -24"><span class='ocrx_word' id='word_1_201' title='bbox 2 1605 3 1618; x_wconf 63' lang='lat'>¹</span> <span class='ocrx_word' id='word_1_202' title='bbox 44 1593 236 1632; x_wconf 89' lang='lat' dir='ltr'>teneatur</span> <span class='ocrx_word' id='word_1_203' title='bbox 266 1590 452 1631; x_wconf 89' lang='lat' dir='ltr'>hominis</span> <span class='ocrx_word' id='word_1_204' title='bbox 484 1590 681 1644; x_wconf 77' lang='lat' dir='ltr'>extremi,</span> <span class='ocrx_word' id='word_1_205' title='bbox 720 1605 857 1656; x_wconf 83' lang='lat' dir='ltr'>quem</span> <span class='ocrx_word' id='word_1_206' title='bbox 884 1594 926 1632; x_wconf 86' lang='lat' dir='ltr'>et</span> <span class='ocrx_word' id='word_1_207' title='bbox 958 1591 1145 1651; x_wconf 87' lang='lat' dir='ltr'>dignatis</span> <span class='ocrx_word' id='word_1_208' title='bbox 1186 1594 1228 1632; x_wconf 90' lang='lat' dir='ltr'>et</span> <span class='ocrx_word' id='word_1_209' title='bbox 1259 1592 1388 1645; x_wconf 88' lang='lat' dir='ltr'>patri-</span> 
     </span>
     <span class='ocr_line' id='line_1_31' title="bbox 43 1647 1382 1703; baseline 0 -12"><span class='ocrx_word' id='word_1_210' title='bbox 43 1650 175 1691; x_wconf 89' lang='lat' dir='ltr'>monii</span> <span class='ocrx_word' id='word_1_211' title='bbox 207 1649 334 1690; x_wconf 87' lang='lat' dir='ltr'>simul</span> <span class='ocrx_word' id='word_1_212' title='bbox 365 1652 407 1690; x_wconf 89' lang='lat' dir='ltr'>et</span> <span class='ocrx_word' id='word_1_213' title='bbox 438 1649 746 1690; x_wconf 88' lang='lat' dir='ltr'>incolumitatis</span> <span class='ocrx_word' id='word_1_214' title='bbox 779 1650 913 1703; x_wconf 87' lang='lat' dir='ltr'>ipsius</span> <span class='ocrx_word' id='word_1_215' title='bbox 939 1647 1129 1692; x_wconf 86' lang='lat' dir='ltr'>Fortuna</span> <span class='ocrx_word' id='word_1_216' title='bbox 1162 1650 1382 1691; x_wconf 89' lang='lat' dir='ltr'>damnauit</span> 
     </span>
     <span class='ocr_line' id='line_1_32' title="bbox 44 1708 1389 1763; baseline 0 -13"><span class='ocrx_word' id='word_1_217' title='bbox 44 1711 214 1763; x_wconf 82' lang='lat' dir='ltr'>tamque</span> <span class='ocrx_word' id='word_1_218' title='bbox 246 1708 404 1749; x_wconf 89' lang='lat' dir='ltr'>infirmi</span> <span class='ocrx_word' id='word_1_219' title='bbox 435 1710 483 1748; x_wconf 91' lang='lat' dir='ltr'>ut</span> <span class='ocrx_word' id='word_1_220' title='bbox 514 1723 589 1762; x_wconf 87' lang='lat' dir='ltr'>per</span> <span class='ocrx_word' id='word_1_221' title='bbox 621 1711 760 1750; x_wconf 88' lang='lat' dir='ltr'>totum</span> <span class='ocrx_word' id='word_1_222' title='bbox 794 1709 939 1750; x_wconf 87' lang='lat' dir='ltr'>orbem</span> <span class='ocrx_word' id='word_1_223' title='bbox 972 1724 1056 1750; x_wconf 88' lang='lat' dir='ltr'>non</span> <span class='ocrx_word' id='word_1_224' title='bbox 1089 1709 1280 1751; x_wconf 89' lang='lat' dir='ltr'>inueniat</span> <span class='ocrx_word' id='word_1_225' title='bbox 1312 1710 1389 1750; x_wconf 89' lang='lat' dir='ltr'>mi-</span> 
     </span>
     <span class='ocr_line' id='line_1_33' title="bbox 0 1767 609 1821; baseline -0.003 -12"><span class='ocrx_word' id='word_1_226' title='bbox 0 1792 1 1815; x_wconf 22' lang='grc'>1</span> <span class='ocrx_word' id='word_1_227' title='bbox 46 1768 177 1809; x_wconf 90' lang='lat' dir='ltr'>seriae</span> <span class='ocrx_word' id='word_1_228' title='bbox 210 1782 309 1809; x_wconf 89' lang='lat' dir='ltr'>suae</span> <span class='ocrx_word' id='word_1_229' title='bbox 341 1767 609 1821; x_wconf 85' lang='lat' dir='ltr'>compa1·.&#39;em</span> 
     </span>
    </p>

    <p class='ocr_par' dir='ltr' id='par_1_8' title="bbox 133 1825 1390 1882">
     <span class='ocr_line' id='line_1_34' title="bbox 133 1825 1390 1882; baseline 0 -14"><span class='ocrx_word' id='word_1_230' title='bbox 133 1826 202 1868; x_wconf 84' lang='lat' dir='ltr'>Sic</span> <span class='ocrx_word' id='word_1_231' title='bbox 234 1826 359 1867; x_wconf 89' lang='lat' dir='ltr'>effata</span> <span class='ocrx_word' id='word_1_232' title='bbox 391 1829 432 1867; x_wconf 92' lang='lat' dir='ltr'>et</span> <span class='ocrx_word' id='word_1_233' title='bbox 463 1825 619 1867; x_wconf 88' lang='lat' dir='ltr'>osculis</span> <span class='ocrx_word' id='word_1_234' title='bbox 650 1826 869 1867; x_wconf 88' lang='lat' dir='ltr'>hiantibus</span> <span class='ocrx_word' id='word_1_235' title='bbox 907 1827 1045 1868; x_wconf 88' lang='lat' dir='ltr'>filium</span> <span class='ocrx_word' id='word_1_236' title='bbox 1084 1828 1155 1868; x_wconf 88' lang='lat' dir='ltr'>diu</span> <span class='ocrx_word' id='word_1_237' title='bbox 1197 1842 1244 1869; x_wconf 89' lang='lat' dir='ltr'>ac</span> <span class='ocrx_word' id='word_1_238' title='bbox 1275 1842 1390 1882; x_wconf 83' lang='lat' dir='ltr'>pres-</span> 
     </span>
    </p>
   </div>
   <div class='ocr_carea' id='block_1_7' title="bbox 1384 1685 1394 1703">
    <p class='ocr_par' dir='ltr' id='par_1_9' title="bbox 1384 1685 1394 1703">
     <span class='ocr_line' id='line_1_35' title="bbox 1384 1685 1394 1703; baseline 0 0"><span class='ocrx_word' id='word_1_239' title='bbox 1384 1685 1394 1703; x_wconf 77' lang='lat'><strong><em>7</em></strong></span> 
     </span>
    </p>
   </div>
   <div class='ocr_carea' id='block_1_8' title="bbox 43 1976 1388 2117">
    <p class='ocr_par' dir='ltr' id='par_1_10' title="bbox 43 1976 1388 2117">
     <span class='ocr_line' id='line_1_36' title="bbox 137 1976 1382 2024; baseline 0.001 -12"><span class='ocrx_word' id='word_1_240' title='bbox 137 1982 155 2011; x_wconf 90' lang='lat'>1</span> <span class='ocrx_word' id='word_1_241' title='bbox 189 1977 374 2012; x_wconf 86' lang='lat' dir='ltr'>communi</span> <span class='ocrx_word' id='word_1_242' title='bbox 399 1977 510 2022; x_wconf 84' lang='lat' dir='ltr'>&lt;cum</span> <span class='ocrx_word' id='word_1_243' title='bbox 534 1976 711 2024; x_wconf 88' lang='lat' dir='ltr'>homine&gt;</span> <span class='ocrx_word' id='word_1_244' title='bbox 744 1977 883 2013; x_wconf 77' lang='lat' dir='ltr'>Traube</span> <span class='ocrx_word' id='word_1_245' title='bbox 980 1982 999 2012; x_wconf 78' lang='lat'><strong>2</strong></span> <span class='ocrx_word' id='word_1_246' title='bbox 1033 1978 1216 2013; x_wconf 89' lang='lat' dir='ltr'>incestum</span> <span class='ocrx_word' id='word_1_247' title='bbox 1249 1979 1382 2023; x_wconf 75' lang='lat' dir='ltr'>Haupt</span> 
     </span>
     <span class='ocr_line' id='line_1_37' title="bbox 44 2024 1387 2070; baseline 0.001 -12"><span class='ocrx_word' id='word_1_248' title='bbox 44 2028 64 2058; x_wconf 86' lang='lat'><strong>3</strong></span> <span class='ocrx_word' id='word_1_249' title='bbox 90 2024 322 2059; x_wconf 85' lang='lat' dir='ltr'>circumferre</span> <span class='ocrx_word' id='word_1_250' title='bbox 346 2024 472 2069; x_wconf 63' lang='lat' dir='ltr'>puella</span> <span class='ocrx_word' id='word_1_251' title='bbox 497 2024 678 2058; x_wconf 63' lang='lat' dir='ltr'>moritura,</span> <span class='ocrx_word' id='word_1_252' title='bbox 703 2024 766 2068; x_wconf 67' lang='lat' dir='ltr'>Fep</span> <span class='ocrx_word' id='word_1_253' title='bbox 793 2027 847 2070; x_wconf 73' lang='lat' dir='ltr'>(in</span> <span class='ocrx_word' id='word_1_254' title='bbox 867 2026 894 2059; x_wconf 85' lang='lat' dir='ltr'><strong>F</strong></span> <span class='ocrx_word' id='word_1_255' title='bbox 915 2029 938 2034; x_wconf 81' lang='grc'>“”</span> <span class='ocrx_word' id='word_1_256' title='bbox 957 2026 1039 2060; x_wconf 72' lang='lat' dir='ltr'>add.</span> <span class='ocrx_word' id='word_1_257' title='bbox 1056 2038 1099 2061; x_wconf 86' lang='lat' dir='ltr'>m.</span> <span class='ocrx_word' id='word_1_258' title='bbox 1114 2028 1158 2069; x_wconf 75' lang='lat' dir='ltr'>r.)</span> <span class='ocrx_word' id='word_1_259' title='bbox 1237 2031 1255 2060; x_wconf 85' lang='lat'><strong>7</strong></span> <span class='ocrx_word' id='word_1_260' title='bbox 1283 2038 1387 2060; x_wconf 87' lang='lat' dir='ltr'>usur—</span> 
     </span>
     <span class='ocr_line' id='line_1_38' title="bbox 43 2071 1388 2117; baseline 0.001 -11"><span class='ocrx_word' id='word_1_261' title='bbox 43 2071 190 2116; x_wconf 87' lang='lat' dir='ltr'>pauerit</span> <span class='ocrx_word' id='word_1_262' title='bbox 218 2071 307 2107; x_wconf 67' lang='lat' dir='ltr'><em>Oud.</em></span> <span class='ocrx_word' id='word_1_263' title='bbox 353 2071 549 2116; x_wconf 85' lang='lat' dir='ltr'>usurpauit</span> <span class='ocrx_word' id='word_1_264' title='bbox 580 2071 676 2115; x_wconf 77' lang='grc' dir='ltr'>Ρφδ</span> <span class='ocrx_word' id='word_1_265' title='bbox 718 2072 908 2117; x_wconf 88' lang='lat' dir='ltr'>usurparit</span> <span class='ocrx_word' id='word_1_266' title='bbox 938 2074 995 2108; x_wconf 70' lang='lat' dir='ltr'>Tr.</span> <span class='ocrx_word' id='word_1_267' title='bbox 1112 2073 1228 2108; x_wconf 86' lang='lat' dir='ltr'>etiam</span> <span class='ocrx_word' id='word_1_268' title='bbox 1259 2073 1388 2117; x_wconf 59' lang='lat' dir='ltr'>Fcpffg</span> 
     </span>
    </p>
   </div>
   <div class='ocr_carea' id='block_1_9' title="bbox 36 2118 1390 2353">
    <p class='ocr_par' dir='ltr' id='par_1_11' title="bbox 36 2118 1390 2353">
     <span class='ocr_line' id='line_1_39' title="bbox 46 2118 1387 2164; baseline 0.001 -11"><span class='ocrx_word' id='word_1_269' title='bbox 46 2129 128 2153; x_wconf 88' lang='lat' dir='ltr'>eam</span> <span class='ocrx_word' id='word_1_270' title='bbox 151 2119 192 2154; x_wconf 86' lang='lat' dir='ltr'>E.</span> <span class='ocrx_word' id='word_1_271' title='bbox 265 2118 385 2163; x_wconf 87' lang='lat' dir='ltr'>ipsam</span> <span class='ocrx_word' id='word_1_272' title='bbox 411 2119 534 2153; x_wconf 76' lang='lat' dir='ltr'>Rossb.</span> <span class='ocrx_word' id='word_1_273' title='bbox 575 2118 691 2162; x_wconf 86' lang='lat' dir='ltr'>ipsius</span> <span class='ocrx_word' id='word_1_274' title='bbox 716 2120 794 2154; x_wconf 79' lang='lat' dir='ltr'>cdd.</span> <span class='ocrx_word' id='word_1_275' title='bbox 868 2119 1022 2154; x_wconf 89' lang='lat' dir='ltr'>inclitae</span> <span class='ocrx_word' id='word_1_276' title='bbox 1048 2121 1149 2155; x_wconf 72' lang='lat' dir='ltr'>Orus.</span> <span class='ocrx_word' id='word_1_277' title='bbox 1249 2124 1291 2154; x_wconf 84' lang='lat'>14</span> <span class='ocrx_word' id='word_1_278' title='bbox 1324 2131 1387 2164; x_wconf 82' lang='lat' dir='ltr'>ge—</span> 
     </span>
     <span class='ocr_line' id='line_1_40' title="bbox 45 2165 1389 2210; baseline 0.002 -11"><span class='ocrx_word' id='word_1_279' title='bbox 45 2166 160 2200; x_wconf 87' lang='lat' dir='ltr'>nuina</span> <span class='ocrx_word' id='word_1_280' title='bbox 184 2168 225 2201; x_wconf 72' lang='lat' dir='ltr'>in</span> <span class='ocrx_word' id='word_1_281' title='bbox 250 2179 277 2210; x_wconf 83' lang='grc' dir='ltr'>φ</span> <span class='ocrx_word' id='word_1_282' title='bbox 303 2178 346 2200; x_wconf 89' lang='lat' dir='ltr'>m.</span> <span class='ocrx_word' id='word_1_283' title='bbox 363 2170 382 2200; x_wconf 79' lang='lat'>2</span> <span class='ocrx_word' id='word_1_284' title='bbox 409 2177 497 2201; x_wconf 76' lang='lat' dir='ltr'>corr.</span> <span class='ocrx_word' id='word_1_285' title='bbox 525 2167 568 2200; x_wconf 70' lang='lat' dir='ltr'>in</span> <span class='ocrx_word' id='word_1_286' title='bbox 592 2165 756 2210; x_wconf 84' lang='lat' dir='ltr'>benigna</span> <span class='ocrx_word' id='word_1_287' title='bbox 830 2171 872 2201; x_wconf 82' lang='lat'>23</span> <span class='ocrx_word' id='word_1_288' title='bbox 899 2167 1078 2202; x_wconf 86' lang='lat' dir='ltr'>seueriter</span> <span class='ocrx_word' id='word_1_289' title='bbox 1102 2168 1285 2202; x_wconf 66' lang='lat' dir='ltr'>Brantzssus</span> <span class='ocrx_word' id='word_1_290' title='bbox 1306 2179 1389 2202; x_wconf 80' lang='lat' dir='ltr'>cum</span> 
     </span>
     <span class='ocr_line' id='line_1_41' title="bbox 36 2213 1386 2259; baseline 0 -12"><span class='ocrx_word' id='word_1_291' title='bbox 36 2213 240 2259; x_wconf 20' lang='lat' dir='ltr'>*Fulgentio</span> <span class='ocrx_word' id='word_1_292' title='bbox 264 2217 296 2247; x_wconf 81' lang='lat' dir='ltr'>et</span> <span class='ocrx_word' id='word_1_293' title='bbox 316 2213 499 2258; x_wconf 73' lang='lat' dir='ltr'>Mythoyr.</span> <span class='ocrx_word' id='word_1_294' title='bbox 528 2213 606 2247; x_wconf 77' lang='lat' dir='ltr'>Vat.</span> <span class='ocrx_word' id='word_1_295' title='bbox 634 2214 678 2256; x_wconf 80' lang='lat' dir='ltr'>cf.</span> <span class='ocrx_word' id='word_1_296' title='bbox 706 2218 760 2248; x_wconf 85' lang='lat'>35.</span> <span class='ocrx_word' id='word_1_297' title='bbox 777 2218 814 2255; x_wconf 78' lang='lat'>93</span> <span class='ocrx_word' id='word_1_298' title='bbox 841 2218 956 2248; x_wconf 78' lang='lat'>41.12</span> <span class='ocrx_word' id='word_1_299' title='bbox 994 2217 1207 2249; x_wconf 85' lang='lat' dir='ltr'>reuerenter</span> <span class='ocrx_word' id='word_1_300' title='bbox 1235 2214 1386 2257; x_wconf 71' lang='grc' dir='ltr'>ΕφὸΕ.</span> 
     </span>
     <span class='ocr_line' id='line_1_42' title="bbox 44 2260 1390 2305; baseline 0.001 -12"><span class='ocrx_word' id='word_1_301' title='bbox 44 2271 134 2304; x_wconf 88' lang='lat' dir='ltr'>prae</span> <span class='ocrx_word' id='word_1_302' title='bbox 159 2262 182 2295; x_wconf 81' lang='grc' dir='ltr'><em>δ</em></span> <span class='ocrx_word' id='word_1_303' title='bbox 210 2260 300 2295; x_wconf 73' lang='lat' dir='ltr'>Oud.</span> <span class='ocrx_word' id='word_1_304' title='bbox 339 2271 405 2305; x_wconf 86' lang='lat' dir='ltr'>pro</span> <span class='ocrx_word' id='word_1_305' title='bbox 431 2260 494 2303; x_wconf 64' lang='lat' dir='ltr'>Fqu</span> <span class='ocrx_word' id='word_1_306' title='bbox 593 2264 637 2294; x_wconf 79' lang='lat'>24</span> <span class='ocrx_word' id='word_1_307' title='bbox 669 2260 772 2295; x_wconf 87' lang='lat' dir='ltr'>effice</span> <span class='ocrx_word' id='word_1_308' title='bbox 799 2262 821 2294; x_wconf 84' lang='grc' dir='ltr'><em>δ</em></span> <span class='ocrx_word' id='word_1_309' title='bbox 851 2261 940 2296; x_wconf 76' lang='lat' dir='ltr'>Oml.</span> <span class='ocrx_word' id='word_1_310' title='bbox 981 2261 1077 2296; x_wconf 85' lang='lat' dir='ltr'>effici</span> <span class='ocrx_word' id='word_1_311' title='bbox 1102 2261 1166 2305; x_wconf 64' lang='lat' dir='ltr'>Fq)</span> <span class='ocrx_word' id='word_1_312' title='bbox 1182 2261 1221 2297; x_wconf 88' lang='lat' dir='ltr'>E.</span> <span class='ocrx_word' id='word_1_313' title='bbox 1315 2261 1390 2295; x_wconf 81' lang='lat' dir='ltr'>fra-</span> 
     </span>
     <span class='ocr_line' id='line_1_43' title="bbox 46 2306 1175 2353; baseline 0.002 -12"><span class='ocrx_word' id='word_1_314' title='bbox 46 2306 280 2351; x_wconf 84' lang='lat' dir='ltr'>glantissimo</span> <span class='ocrx_word' id='word_1_315' title='bbox 306 2307 333 2340; x_wconf 90' lang='lat' dir='ltr'><strong>F</strong></span> <span class='ocrx_word' id='word_1_316' title='bbox 431 2311 474 2341; x_wconf 77' lang='lat'>26</span> <span class='ocrx_word' id='word_1_317' title='bbox 501 2306 650 2341; x_wconf 79' lang='lat' dir='ltr'>fortuna</span> <span class='ocrx_word' id='word_1_318' title='bbox 675 2307 702 2340; x_wconf 84' lang='lat' dir='ltr'>F</span> <span class='ocrx_word' id='word_1_319' title='bbox 728 2310 764 2352; x_wconf 82' lang='lat' dir='ltr'>(a</span> <span class='ocrx_word' id='word_1_320' title='bbox 790 2310 831 2342; x_wconf 71' lang='lat' dir='ltr'>in</span> <span class='ocrx_word' id='word_1_321' title='bbox 855 2311 940 2353; x_wconf 71' lang='lat' dir='ltr'>ras.)</span> <span class='ocrx_word' id='word_1_322' title='bbox 973 2308 1120 2343; x_wconf 83' lang='lat' dir='ltr'>fortune</span> <span class='ocrx_word' id='word_1_323' title='bbox 1149 2322 1175 2351; x_wconf 84' lang='grc' dir='ltr'><strong>φ</strong></span> 
     </span>
    </p>
   </div>
  </div>
 </body>
</html>
