1591 2556
136 93 224 133 274
704 91 832 125 LIBRI
857 91 907 125 XI

138 204 205 230 res
237 189 281 229 in
313 188 512 243 ambiguo
546 188 675 229 stetit.
725 202 823 228 nam
854 202 1063 242 proxuma
1090 191 1212 229 nocte
1238 188 1327 229 uidi
1353 203 1478 242 quen-

141 248 235 288 dam
269 248 318 289 de
351 247 539 300 sacratis,
570 247 712 288 linteis
744 247 957 300 iniectum,
990 247 1062 300 qui
1095 247 1265 301 thyrsos
1291 249 1333 288 et
1357 246 1479 288 hede-

139 322 208 347 ras
246 310 288 348 et
329 307 505 347 tacenda
546 306 750 359 quaedam
788 319 937 360 gerens
976 306 1027 346 ad
1064 306 1180 359 ipsos
1216 320 1333 347 meos
1370 305 1479 347 lares

139 366 365 407 collocaret
396 368 438 406 et
469 367 672 418 occupabo
705 365 825 405 sedili
857 379 951 405 meo
980 364 1198 419 religionis
1224 364 1388 419 amplae
1413 364 1479 405 de-

138 425 355 466 nuntiaret
385 423 541 478 epulas.
598 424 633 464 is
665 426 714 464 ut
744 424 1004 478 agnitionem
1036 423 1141 464 mihi
1173 423 1333 465 scilicet
1364 426 1477 464 certo
1516 442 1533 465 5

140 484 282 538 aliquo
312 483 377 525 sui
404 483 525 537 signo
553 483 905 536 subministraret,
937 483 1099 523 sinistri
1124 483 1242 536 pedis
1268 482 1354 524 talo
1380 497 1478 536 pau-

139 543 274 583 lulum
294 542 450 583 reflexo
471 542 764 583 cunctabundo
792 542 1018 582 clementer
1044 541 1263 582 incedebat
1285 542 1478 596 uestigio.

138 601 307 642 sublata
338 604 402 641 est
433 614 533 655 ergo
565 603 663 654 post
693 603 779 641 tam
819 601 1085 641 manifestam
1126 600 1249 641 deum
1286 600 1479 641 uolunta-

139 664 225 701 tem
268 660 560 715 ambiguitatis
600 662 692 700 tota
730 660 865 714 caligo
907 662 949 700 et
986 659 1082 700 ilico
1122 659 1221 700 deae
1258 659 1479 700 matutinis

138 719 337 774 perfectis
370 718 697 759 salutationibus
730 719 786 773 [p.
802 718 981 772 223.E.]
1021 733 1186 759 summo
1218 718 1358 759 studio
1390 732 1479 772 per·
1499 736 1533 760 ιο

140 779 342 819 contabar
367 778 559 832 singulos
585 778 707 831 ecqui
732 777 913 832 uestigio
940 777 1092 818 similis
1119 778 1175 819 sit
1201 777 1286 831 [ut]
1313 777 1478 818 somnii.

138 852 215 879 nec
251 837 356 878 fides
398 837 514 877 afuit.
577 851 674 877 nam
716 837 765 877 de
803 836 1073 890 pastophoris
1111 851 1242 877 unum
1281 836 1481 890 conspexi

140 897 285 938 statim
317 898 484 950 praeter
516 895 719 936 indicium
750 896 868 949 pedis
896 898 1032 936 cetero
1060 895 1186 936 etiam
1214 897 1328 935 statu
1355 897 1480 948 atque

137 955 287 997 habitu
303 955 559 996 examussim
579 957 809 995 nocturnae
826 954 1001 1008 imagini
1023 956 1335 1008 congruentem,
1355 968 1479 1008 quem

138 1014 337 1055 Asinium
369 1013 616 1054 Marcellum
654 1013 831 1053 uocitari
865 1013 1046 1067 cognoui
1080 1015 1245 1066 postea,
1282 1012 1479 1053 101011113-
1500 1029 1533 1053 15

137 1073 267 1114 tionis
299 1087 416 1113 meae
448 1086 530 1113 non
562 1072 745 1112 alienum
772 1086 936 1112 nomen.
986 1086 1062 1112 nec
1087 1074 1277 1111 moratus
1302 1072 1480 1112 conueni

138 1132 334 1187 protinus
367 1146 462 1172 eum
490 1145 589 1171 sane
615 1145 691 1172 nec
716 1130 857 1184 ipsum
882 1130 1015 1171 futuri
1043 1130 1247 1171 sermonis
1274 1130 1481 1185 ignarum,

139 1192 296 1246 quippe
328 1191 410 1231 iam
450 1190 607 1230 dudum
643 1189 853 1230 consimili
890 1192 1113 1243 praecepto
1153 1203 1367 1230 sacrorum
1405 1189 1480 1229 mi-

138 1250 453 1292 nistrandorum
505 1248 897 1290 commonefactum.
970 1263 1067 1288 nam
1118 1248 1198 1289 sibi
1248 1248 1367 1289 uisus
1417 1250 1481 1288 est

138 1309 281 1364 quiete
312 1308 517 1363 proxima,
550 1308 649 1348 dum
681 1321 835 1362 magno
869 1307 945 1348 deo
978 1322 1152 1348 coronas
1185 1309 1368 1361 exaptat,
1400 1306 1478 1361 [et]
1500 1323 1534 1346 20
1585 1315 1586 1360 j

140 1369 189 1409 de
222 1369 311 1409 eius
344 1383 427 1421 ore,
459 1382 541 1421 quo
575 1367 839 1421 singulorum
871 1366 959 1407 fata
985 1366 1126 1419 dictat,
1158 1366 1335 1420 audisse,
1366 1365 1477 1406 mitti

140 1428 221 1468 sibi
253 1427 574 1468 Madaurensem
607 1426 680 1466 sed
712 1426 938 1466 admodum
969 1440 1209 1479 pauperem,
1241 1425 1308 1465 cui
1334 1424 1479 1465 statim

139 1501 215 1527 sua
255 1501 373 1526 sacra
414 1485 584 1526 deberet
624 1485 883 1538 ministrare,
923 1499 1020 1525 nam
1059 1488 1101 1524 et
1141 1483 1204 1524 illi
1242 1483 1479 1524 studiorum

141 1545 319 1600 gloriam
347 1548 388 1585 et
414 1545 495 1597 ipsi
520 1544 677 1598 grande
704 1543 999 1597 compendium
1026 1558 1102 1583 sua
1127 1542 1361 1596 comparari
1387 1556 1480 1596 pro-

138 1604 337 1645 uidentia.
399 1602 597 1643 XXVIII.
638 1603 688 1643 ad
721 1604 849 1643 istum
882 1603 1053 1643 modum
1087 1602 1319 1655 desponsus
1352 1601 1480 1642 sacris
1501 1617 1534 1641 25

140 1665 387 1717 sumptuum
427 1662 631 1703 tenuitate
670 1664 817 1703 contra
859 1664 1009 1702 uotum
1047 1675 1187 1701 meum
1225 1660 1479 1701 retardabar.

138 1737 236 1763 nam
269 1724 311 1763 et
342 1721 542 1762 uiriculas
568 1721 815 1774 patrimonii
841 1720 1194 1775 peregrinationis
1221 1719 1481 1760 adtriuerant

139 1782 353 1835 impensae
386 1783 427 1821 et
465 1780 730 1835 erogationes
769 1780 938 1820 urbicae
970 1779 1163 1833 pristinis
1196 1777 1280 1818 illis
1311 1778 1478 1832 prouin-

140 1840 318 1881 cialibus
360 1839 622 1879 antistabant
661 1839 904 1893 plurimum.
974 1851 1073 1892 ergo
1113 1837 1269 1878 duritia
1305 1850 1478 1890 pauper-

248 1971 265 2000 7
305 1967 544 2001 cuntabundo
583 1980 610 2011 φ
722 1970 763 2000 11
804 1965 911 2009 ecqui
949 1964 1109 2009 uestigio
1150 1963 1281 1998 similis
1321 1962 1370 1996 sit
1405 1963 1478 2015 [ut]

140 2013 274 2049 somnii
299 2014 429 2057 scripsi
467 2013 520 2058 &q
547 2013 752 2066 uestigium
771 2013 903 2047 similis
931 2012 979 2046 sit
998 2014 1040 2046 ut
1066 2011 1248 2046 somnium
1273 2010 1337 2054 Faep
1375 2010 1479 2044 eccui

140 2062 243 2097 Stew.
283 2060 413 2104 ecquoi
441 2061 613 2105 S(auppe)
652 2060 755 2095 eccui
780 2059 983 2104 uestigium
1010 2058 1129 2093 simile
1157 2057 1205 2092 sit
1229 2058 1271 2091 ut
1296 2056 1479 2091 somnium

142 2137 295 2142 ......
323 2107 362 2142 E.
408 2107 510 2141 eccui
541 2108 743 2152 uestigium
776 2107 895 2141 simile
929 2107 978 2141 sit
1004 2106 1136 2140 somnii
1162 2105 1374 2140 Lu.12
1406 2103 1478 2138 fide

139 2156 206 2199 Fep
251 2165 319 2189 nec
344 2154 375 2189 is
403 2154 523 2188 defuit
548 2156 603 2199 &g
689 2159 731 2188 13
759 2157 899 2189 ceteros
925 2154 1053 2198 Fcpffg
1135 2157 1177 2186 16
1202 2162 1276 2185 non
1302 2152 1385 2186 add.
1413 2151 1478 2186 Ur-

140 2205 244 2238 sinus
318 2201 459 2236 alinum
488 2201 570 2245 Fltp
653 2206 708 2236 ⁴20⁴
726 2206 765 2235 21
802 2202 871 2248 [et]
904 2202 1040 2236 eaeclusz
1070 2201 1264 2244 exaptaret
1290 2198 1405 2233 Kron.
1432 2198 1477 2240 cf.

140 2274 260 2317 Luetj.
284 2286 321 2317 p.
349 2276 417 2306 495
450 2274 535 2307 adn.
581 2258 734 2316 exss'ptat
760 2274 797 2306 et
829 2285 856 2315 φ
932 2275 975 2305 29
1007 2270 1242 2306 antistabant
1267 2268 1476 2314 plurimum.

138 2322 267 2365 scripsi
305 2320 549 2354 antistabant.
575 2319 775 2364 plurimum
801 2319 840 2354 E.
