1591 2556
493 78 592 112 CAP.
620 78 976 114 XXVIIII—XXXII
1321 80 1341 120 1
1348 79 1374 119 -l
1381 80 1401 119 l

57 189 228 230 pressus
261 174 408 215 induta
433 174 631 228 laqueum
659 190 763 216 anus
797 176 870 216 illa
895 177 1115 230 pendebat.
1159 192 1286 231 quam
1314 176 1404 230 qui-

59 235 153 275 dem
198 234 430 274 detractam
479 234 674 287 protinus
718 249 813 275 cum
858 250 934 275 suo
979 235 1060 276 sibi
1105 236 1294 277 funiculo
1338 235 1404 275 de-

58 294 245 334 uinctam
284 293 433 333 dedere
471 293 744 347 praecipitem
784 293 1009 348 puellaque
1042 295 1187 335 statim
1220 295 1405 335 distenta

58 352 240 393 uinculis
267 366 425 405 cenam,
452 366 578 405 quam
604 355 802 406 postuma
829 353 1052 408 diligentia
1076 356 1405 407 praeparauerat

20 427 39 453 5
59 411 207 452 infelix
239 410 416 464 anicula,
446 410 593 452 ferinis
626 411 834 452 inuadunt
866 412 1030 453 animis.

147 468 301 510 XXXI.
351 469 415 510 Ac
447 470 547 510 dum
585 470 708 511 auida
746 471 979 512 uoracitate
1019 474 1170 512 cuncta
1208 473 1405 512 contrun-

60 532 173 582 cant,
212 529 296 570 iam
333 528 543 582 incipiunt
581 530 631 570 de
662 532 810 570 nostra
846 545 982 584 poena
1019 545 1178 584 suaque
1217 530 1407 570 uindicta

59 603 202 629 secum
223 588 496 629 considerare.
531 591 572 629 et
597 591 745 642 utpote
772 589 815 629 in
837 592 959 630 coetu
987 590 1234 630 turbulento
1261 589 1405 629 uariae

58 647 174 688 fuere
219 647 469 701 sententiae,
508 650 556 688 ut
599 648 761 701 primus
805 648 949 688 uiuam
995 649 1171 689 cremari
1216 651 1405 689 censeret

24 706 262 760 opuellam‚
295 707 502 747 secundus
541 707 689 747 bestiis
723 707 835 748 obici
867 708 1079 761 suaderet,
1113 708 1265 748 tertius
1298 707 1403 760 pati-

62 765 161 806 bulo
206 765 350 819 suffigi
394 765 575 819 iuberet,
620 768 796 820 quartus
840 767 1064 808 tormentis
1116 767 1407 807 excarnificariv

0 870 1 882 ἵ
60 824 338 878 praeciperem
365 827 476 865 certe
504 824 664 865 calculo
694 827 941 865 cunctorum
969 829 1199 879 utcumque
1226 840 1341 866 mors
1369 825 1406 866 ei

0 887 2 938 ζ
59 883 198 924 fuerat
235 884 456 924 destinata.
512 886 614 924 tunc
651 898 760 924 unus
794 885 983 925 omnium
1023 885 1166 925 sedato
1206 884 1407 937 tumultu,

0 958 1 961 ¹
62 942 227 996 placido
260 957 452 983 sermone
485 943 544 983 sic
577 957 697 983 orsus
731 946 794 983 est

27 1016 42 1041 5
152 1001 258 1043 ‘Nec
296 1004 432 1042 sectae
472 1001 639 1056 collegii
677 1016 753 1043 nec
784 1003 1101 1043 mansuetudini
1139 1002 1407 1057 singulorum

63 1075 110 1101 ac
141 1076 192 1101 ne
224 1075 341 1102 meae
375 1060 544 1114 quidem
576 1060 807 1102 modestiae
835 1062 1032 1115 congruit
1063 1062 1152 1115 pati
1184 1076 1262 1102 uos
1294 1061 1407 1102 ultra

61 1120 234 1160 modum
284 1119 509 1173 delictique
561 1120 721 1161 saeuire
772 1120 1001 1160 terminum
1051 1135 1127 1161 nec
1176 1120 1286 1161 16135
1330 1135 1407 1161 1166

63 1193 206 1220 6111665
244 1193 320 1219 1166
358 1179 477 1232 ignes
515 1193 591 1219 nec
629 1181 841 1220 tormenta
873 1194 919 1220 ac
958 1194 1008 1220 116
1047 1180 1196 1220 mortis
1235 1179 1405 1233 quidem

62 1240 297 1278 maturatae
322 1237 498 1278 festinas
525 1237 718 1278 tenebras
746 1252 968 1279 accersere.
1010 1239 1116 1279 meis
1142 1239 1285 1292 itaque
1312 1253 1406 1279 con-

9 1310 44 1334 20
64 1297 171 1337 511115
216 1296 502 1337 auscultantes
546 1297 679 1337 uitam
724 1296 890 1350 puellae
935 1297 1007 1338 sed
1053 1312 1178 1351 quam
1222 1300 1408 1338 meretur

62 1355 290 1410 largimini.
340 1370 416 1395 nec
447 1370 524 1396 uos
556 1356 759 1396 memoria
792 1356 978 1396 deseruit
1009 1357 1156 1410 utique
1189 1357 1291 1410 quid
1322 1357 1407 1397 iam

64 1415 222 1455 dudum
255 1414 525 1455 decreueritis
553 1414 602 1455 de
628 1415 710 1455 isto
739 1414 855 1455 asino
889 1429 1055 1468 semper
1085 1416 1208 1470 pigro
1236 1416 1406 1469 quidem

64 1474 136 1514 sed
168 1473 429 1514 manducone
457 1488 634 1527 summo,
666 1488 777 1514 nunc
803 1474 929 1514 etiam
962 1474 1151 1515 mendaci
1184 1475 1308 1515 fictae
1341 1475 1406 1515 de-

63 1533 245 1573 bilitatis
266 1535 308 1573 et
333 1532 556 1587 uirginalis
576 1532 702 1587 fugae
723 1536 942 1586 sequestro
969 1533 1261 1587 ministroque.
1293 1533 1407 1574 hunc

10 1604 45 1629 25
66 1592 198 1646 igitur
240 1591 431 1646 iugulare
475 1591 659 1632 crastino
709 1591 873 1645 placeat
923 1592 1110 1646 totisque
1160 1593 1406 1633 uacuefacto

64 1651 320 1705 praecordiis
351 1666 426 1704 per
457 1650 638 1691 mediam
666 1650 809 1691 aluum
835 1651 991 1691 nudam
1024 1652 1252 1705 uirginem,
1279 1666 1405 1705 quam

64 1709 267 1764 praetulit
297 1709 438 1763 1101015,
470 1710 654 1764 111511616,
685 1712 733 1750 ut
766 1709 855 1750 sola
886 1710 992 1751 facie
1024 1711 1312 1764 praeminente
1346 1726 1406 1751 66-

65 1771 202 1810 terum
229 1783 380 1822 corpus
406 1768 570 1822 puellae
596 1784 707 1810 nexu
733 1769 868 1809 ferino
896 1769 1127 1823 coherceat,
1153 1773 1255 1810 tunc
1281 1785 1408 1823 super

66 1828 237 1882 aliquod
264 1842 412 1868 saxum
433 1842 681 1881 scruposum
709 1828 941 1868 insiticium
963 1831 1005 1869 et
1030 1828 1214 1869 fartilem
1241 1829 1405 1869 asinum

11 1898 48 1923 30
67 1902 275 1941 exponere
295 1889 336 1927 et
356 1886 457 1927 solis
479 1887 664 1927 ardentis
684 1887 914 1940 uaporibus
934 1888 1110 1928 tradere.
1143 1886 1319 1928 XXXII.
1347 1888 1407 1928 sic

67 1947 177 1987 e'nim
217 1949 383 1999 cuncta,
417 1961 522 1999 quae
554 1948 666 1987 recte
699 1946 928 2000 statuistis7
961 1947 1084 1988 ambo
1123 1947 1407 1999 sustinebunt,

68 2008 108 2046 et
138 2008 319 2046 mortem
352 2005 495 2045 asinus
529 2020 655 2058 quam
685 2005 855 2059 quidem
887 2006 1043 2046 meruit
1076 2008 1117 2046 et
1143 2006 1216 2046 illa
1240 2020 1407 2046 morsus

163 2113 182 2142 3
209 2108 393 2155 §cepitsen
417 2108 666 2153 puellassquae
692 2108 719 2142 F
754 2108 934 2153 pcipitem
958 2109 1121 2154 puellaq;
1150 2111 1197 2154 (q3
1219 2111 1358 2152 ino-as.)
1380 2122 1406 2152 q>

66 2155 265 2200 puellaque
298 2156 449 2199 quidem
480 2158 501 2190 δ
576 2156 765 2190 destinata
797 2157 896 2191 Com.
1020 2162 1060 2191 11
1096 2156 1350 2191 excarnificari
1385 2159 1407 2189 ὁ

0 2193 1 2244 l
71 2203 162 2237 Oud.
200 2203 461 2238 excarnificare
487 2203 550 2246 Fq)
566 2203 606 2237 Ε.
693 2208 736 2237 16
761 2203 861 2247 patri
886 2204 914 2237 F
996 2208 1037 2238 19
1065 2215 1252 2238 accersere
1278 2204 1408 2247 scripsi

0 2245 1 2292 1
68 2251 112 2293 cf.
142 2254 275 2293 129.7;
310 2254 422 2284 1885
469 2261 656 2284 accessere
689 2250 784 2294 Ρφό
890 2255 933 2285 ‘26
966 2252 1144 2285 mundam
1176 2251 1316 2293 Rolede,
1349 2251 1405 2284 cll.

69 2308 158 2343 Luc.
186 2310 248 2343 As.
276 2314 343 2344 504
430 2313 473 2343 32
499 2306 634 2343 morsus
660 2309 724 2353 Fcp
751 2311 800 2353 (m
826 2311 910 2344 add.
937 2322 981 2344 m.
1008 2312 1051 2353 r.)
