<?xml version="1.0" encoding="UTF-8"?>
<!DOCTYPE html PUBLIC "-//W3C//DTD XHTML 1.0 Transitional//EN"
    "http://www.w3.org/TR/xhtml1/DTD/xhtml1-transitional.dtd">
<html xmlns="http://www.w3.org/1999/xhtml" xml:lang="en" lang="en">
 <head>
  <title>
</title>
<meta http-equiv="Content-Type" content="text/html;charset=utf-8" />
  <meta name='ocr-system' content='tesseract 3.04.00' />
  <meta name='ocr-capabilities' content='ocr_page ocr_carea ocr_par ocr_line ocrx_word'/>
</head>
<body>
  <div class='ocr_page' id='page_1' title='image "./metamorphoseonli00apuluoft/metamorphoseonli00apuluoft_0176.png"; bbox 0 0 1591 2556; ppageno 0'>
   <div class='ocr_carea' id='block_1_1' title="bbox 141 84 912 125">
    <p class='ocr_par' dir='ltr' id='par_1_1' title="bbox 141 84 912 125">
     <span class='ocr_line' id='line_1_1' title="bbox 141 84 912 125; baseline -0.01 0"><span class='ocrx_word' id='word_1_1' title='bbox 141 85 225 125; x_wconf 85' lang='lat'>140</span> <span class='ocrx_word' id='word_1_2' title='bbox 703 84 833 118; x_wconf 86' lang='lat' dir='ltr'><strong>LIBRI</strong></span> <span class='ocrx_word' id='word_1_3' title='bbox 861 84 912 118; x_wconf 93' lang='lat' dir='ltr'>VI</span> 
     </span>
    </p>
   </div>
   <div class='ocr_carea' id='block_1_2' title="bbox 138 179 1538 1768">
    <p class='ocr_par' dir='ltr' id='par_1_2' title="bbox 138 179 1537 1590">
     <span class='ocr_line' id='line_1_2' title="bbox 138 179 1483 235; baseline -0.001 -14"><span class='ocrx_word' id='word_1_4' title='bbox 138 181 273 221; x_wconf 88' lang='lat' dir='ltr'>iretur</span> <span class='ocrx_word' id='word_1_5' title='bbox 311 181 392 221; x_wconf 91' lang='lat' dir='ltr'>uia.</span> <span class='ocrx_word' id='word_1_6' title='bbox 443 180 516 221; x_wconf 85' lang='lat' dir='ltr'>sed</span> <span class='ocrx_word' id='word_1_7' title='bbox 549 194 626 235; x_wconf 82' lang='lat' dir='ltr'>ego</span> <span class='ocrx_word' id='word_1_8' title='bbox 665 194 822 235; x_wconf 80' lang='lat' dir='ltr'>gnarus</span> <span class='ocrx_word' id='word_1_9' title='bbox 859 180 1045 221; x_wconf 85' lang='lat' dir='ltr'>latrones</span> <span class='ocrx_word' id='word_1_10' title='bbox 1086 180 1183 221; x_wconf 87' lang='lat' dir='ltr'>illac</span> <span class='ocrx_word' id='word_1_11' title='bbox 1215 180 1268 220; x_wconf 89' lang='lat' dir='ltr'>ad</span> <span class='ocrx_word' id='word_1_12' title='bbox 1298 179 1483 234; x_wconf 89' lang='lat' dir='ltr'>reliquas</span> 
     </span>
     <span class='ocr_line' id='line_1_3' title="bbox 142 239 1483 293; baseline 0 -13"><span class='ocrx_word' id='word_1_13' title='bbox 142 253 400 281; x_wconf 82' lang='lat' dir='ltr'>commeasse</span> <span class='ocrx_word' id='word_1_14' title='bbox 443 239 637 293; x_wconf 80' lang='lat' dir='ltr'>praedas,</span> <span class='ocrx_word' id='word_1_15' title='bbox 680 240 894 281; x_wconf 88' lang='lat' dir='ltr'>renitebar</span> <span class='ocrx_word' id='word_1_16' title='bbox 942 240 1123 280; x_wconf 87' lang='lat' dir='ltr'>firmiter</span> <span class='ocrx_word' id='word_1_17' title='bbox 1165 241 1291 293; x_wconf 89' lang='lat' dir='ltr'>atque</span> <span class='ocrx_word' id='word_1_18' title='bbox 1335 239 1396 280; x_wconf 85' lang='lat' dir='ltr'>sic</span> <span class='ocrx_word' id='word_1_19' title='bbox 1439 239 1483 280; x_wconf 91' lang='lat' dir='ltr'>in</span> 
     </span>
     <span class='ocr_line' id='line_1_4' title="bbox 140 297 1485 352; baseline -0.001 -13"><span class='ocrx_word' id='word_1_20' title='bbox 140 299 282 339; x_wconf 89' lang='lat' dir='ltr'>animo</span> <span class='ocrx_word' id='word_1_21' title='bbox 326 314 420 340; x_wconf 92' lang='lat' dir='ltr'>meo</span> <span class='ocrx_word' id='word_1_22' title='bbox 464 299 619 339; x_wconf 85' lang='lat' dir='ltr'>tacitus</span> <span class='ocrx_word' id='word_1_23' title='bbox 664 298 985 352; x_wconf 89' lang='lat' dir='ltr'>expostulabam</span> <span class='ocrx_word' id='word_1_24' title='bbox 1027 298 1146 352; x_wconf 78' lang='lat' dir='ltr'>‘quid</span> <span class='ocrx_word' id='word_1_25' title='bbox 1188 298 1292 339; x_wconf 87' lang='lat' dir='ltr'>facis</span> <span class='ocrx_word' id='word_1_26' title='bbox 1337 297 1485 339; x_wconf 77' lang='lat' dir='ltr'>infelix</span> 
     </span>
     <span class='ocr_line' id='line_1_5' title="bbox 138 356 1483 412; baseline -0.001 -14"><span class='ocrx_word' id='word_1_27' title='bbox 138 357 308 411; x_wconf 82' lang='lat' dir='ltr'>puella?</span> <span class='ocrx_word' id='word_1_28' title='bbox 343 358 445 412; x_wconf 89' lang='lat' dir='ltr'>quid</span> <span class='ocrx_word' id='word_1_29' title='bbox 477 357 596 411; x_wconf 73' lang='lat' dir='ltr'>agis?</span> <span class='ocrx_word' id='word_1_30' title='bbox 630 372 704 398; x_wconf 89' lang='lat' dir='ltr'>cur</span> <span class='ocrx_word' id='word_1_31' title='bbox 734 357 910 398; x_wconf 88' lang='lat' dir='ltr'>festinas</span> <span class='ocrx_word' id='word_1_32' title='bbox 944 357 994 397; x_wconf 86' lang='lat' dir='ltr'>ad</span> <span class='ocrx_word' id='word_1_33' title='bbox 1027 356 1211 398; x_wconf 81' lang='lat' dir='ltr'>Orcum?</span> <span class='ocrx_word' id='word_1_34' title='bbox 1245 357 1347 411; x_wconf 88' lang='lat' dir='ltr'>quid</span> <span class='ocrx_word' id='word_1_35' title='bbox 1377 356 1483 398; x_wconf 85' lang='lat' dir='ltr'>meis</span> 
     </span>
     <span class='ocr_line' id='line_1_6' title="bbox 138 416 1483 470; baseline -0.001 -13"><span class='ocrx_word' id='word_1_36' title='bbox 138 416 318 470; x_wconf 87' lang='lat' dir='ltr'>pedibus</span> <span class='ocrx_word' id='word_1_37' title='bbox 350 417 492 470; x_wconf 65' lang='lat' dir='ltr'>(zaim)</span> <span class='ocrx_word' id='word_1_38' title='bbox 524 416 660 457; x_wconf 87' lang='lat' dir='ltr'>facere</span> <span class='ocrx_word' id='word_1_39' title='bbox 693 416 942 457; x_wconf 77' lang='lat' dir='ltr'>contendis?</span> <span class='ocrx_word' id='word_1_40' title='bbox 980 430 1065 456; x_wconf 90' lang='lat' dir='ltr'>non</span> <span class='ocrx_word' id='word_1_41' title='bbox 1098 417 1209 457; x_wconf 89' lang='lat' dir='ltr'>enim</span> <span class='ocrx_word' id='word_1_42' title='bbox 1242 418 1283 456; x_wconf 88' lang='lat' dir='ltr'>te</span> <span class='ocrx_word' id='word_1_43' title='bbox 1316 418 1483 456; x_wconf 86' lang='lat' dir='ltr'>tantum</span> 
     </span>
     <span class='ocr_line' id='line_1_7' title="bbox 138 475 1484 528; baseline -0.001 -12"><span class='ocrx_word' id='word_1_44' title='bbox 138 490 287 516; x_wconf 90' lang='lat' dir='ltr'>uerum</span> <span class='ocrx_word' id='word_1_45' title='bbox 320 476 448 516; x_wconf 85' lang='lat' dir='ltr'>etiam</span> <span class='ocrx_word' id='word_1_46' title='bbox 480 489 547 515; x_wconf 90' lang='lat' dir='ltr'>me</span> <span class='ocrx_word' id='word_1_47' title='bbox 579 475 792 528; x_wconf 88' lang='lat' dir='ltr'>perditum</span> <span class='ocrx_word' id='word_1_48' title='bbox 825 475 934 516; x_wconf 60' lang='lat' dir='ltr'>ibis?</span> <span class='ocrx_word' id='word_1_49' title='bbox 991 475 1051 516; x_wconf 91' lang='lat' dir='ltr'>sic</span> <span class='ocrx_word' id='word_1_50' title='bbox 1082 489 1159 516; x_wconf 89' lang='lat' dir='ltr'>nos</span> <span class='ocrx_word' id='word_1_51' title='bbox 1198 475 1365 516; x_wconf 87' lang='lat' dir='ltr'>diuersa</span> <span class='ocrx_word' id='word_1_52' title='bbox 1396 477 1484 515; x_wconf 89' lang='lat' dir='ltr'>ten-</span> 
     </span>
     <span class='ocr_line' id='line_1_8' title="bbox 141 533 1484 587; baseline -0.001 -12"><span class='ocrx_word' id='word_1_53' title='bbox 141 534 287 575; x_wconf 87' lang='lat' dir='ltr'>dentes</span> <span class='ocrx_word' id='word_1_54' title='bbox 320 537 362 575; x_wconf 87' lang='lat' dir='ltr'>et</span> <span class='ocrx_word' id='word_1_55' title='bbox 393 535 437 574; x_wconf 90' lang='lat' dir='ltr'>in</span> <span class='ocrx_word' id='word_1_56' title='bbox 464 548 589 575; x_wconf 88' lang='lat' dir='ltr'>causa</span> <span class='ocrx_word' id='word_1_57' title='bbox 614 534 732 574; x_wconf 91' lang='lat' dir='ltr'>finali</span> <span class='ocrx_word' id='word_1_58' title='bbox 760 534 809 574; x_wconf 94' lang='lat' dir='ltr'>de</span> <span class='ocrx_word' id='word_1_59' title='bbox 835 534 1093 587; x_wconf 65' lang='lat' dir='ltr'>proprietate</span> <span class='ocrx_word' id='word_1_60' title='bbox 1121 533 1201 575; x_wconf 90' lang='lat' dir='ltr'>soli</span> <span class='ocrx_word' id='word_1_61' title='bbox 1227 534 1357 575; x_wconf 90' lang='lat' dir='ltr'>immo</span> <span class='ocrx_word' id='word_1_62' title='bbox 1389 534 1484 574; x_wconf 84' lang='lat' dir='ltr'>uiae</span> 
     </span>
     <span class='ocr_line' id='line_1_9' title="bbox 138 592 1485 646; baseline -0.001 -13"><span class='ocrx_word' id='word_1_63' title='bbox 138 593 440 634; x_wconf 78' lang='lat' dir='ltr'>herciscundae</span> <span class='ocrx_word' id='word_1_64' title='bbox 485 592 784 634; x_wconf 71' lang='lat' dir='ltr'>contendentes</span> <span class='ocrx_word' id='word_1_65' title='bbox 828 593 988 646; x_wconf 86' lang='lat' dir='ltr'>rapinis</span> <span class='ocrx_word' id='word_1_66' title='bbox 1033 593 1121 634; x_wconf 86' lang='lat' dir='ltr'>suis</span> <span class='ocrx_word' id='word_1_67' title='bbox 1163 593 1306 634; x_wconf 85' lang='lat' dir='ltr'>onusti</span> <span class='ocrx_word' id='word_1_68' title='bbox 1343 607 1485 633; x_wconf 90' lang='lat' dir='ltr'>coram</span> 
     </span>
     <span class='ocr_line' id='line_1_10' title="bbox 140 651 1485 706; baseline 0 -14"><span class='ocrx_word' id='word_1_69' title='bbox 140 652 460 706; x_wconf 84' lang='lat' dir='ltr'>deprehendunt</span> <span class='ocrx_word' id='word_1_70' title='bbox 491 652 573 706; x_wconf 90' lang='lat' dir='ltr'>ipsi</span> <span class='ocrx_word' id='word_1_71' title='bbox 598 651 785 692; x_wconf 88' lang='lat' dir='ltr'>latrones</span> <span class='ocrx_word' id='word_1_72' title='bbox 812 655 853 692; x_wconf 92' lang='lat' dir='ltr'>et</span> <span class='ocrx_word' id='word_1_73' title='bbox 880 652 931 692; x_wconf 93' lang='lat' dir='ltr'>ad</span> <span class='ocrx_word' id='word_1_74' title='bbox 957 652 1081 693; x_wconf 90' lang='lat' dir='ltr'>lunae</span> <span class='ocrx_word' id='word_1_75' title='bbox 1107 652 1374 706; x_wconf 86' lang='lat' dir='ltr'>splendorem</span> <span class='ocrx_word' id='word_1_76' title='bbox 1401 652 1485 692; x_wconf 82' lang='lat' dir='ltr'>iam</span> 
     </span>
     <span class='ocr_line' id='line_1_11' title="bbox 138 710 1487 766; baseline 0 -15"><span class='ocrx_word' id='word_1_77' title='bbox 138 711 235 752; x_wconf 91' lang='lat' dir='ltr'>inde</span> <span class='ocrx_word' id='word_1_78' title='bbox 267 711 439 766; x_wconf 81' lang='lat' dir='ltr'>longius</span> <span class='ocrx_word' id='word_1_79' title='bbox 473 711 667 765; x_wconf 83' lang='lat' dir='ltr'>cognitos</span> <span class='ocrx_word' id='word_1_80' title='bbox 693 711 782 751; x_wconf 88' lang='lat' dir='ltr'>risu</span> <span class='ocrx_word' id='word_1_81' title='bbox 809 711 996 765; x_wconf 81' lang='lat' dir='ltr'>maligno</span> <span class='ocrx_word' id='word_1_82' title='bbox 1030 711 1228 752; x_wconf 86' lang='lat' dir='ltr'>salutant.</span> <span class='ocrx_word' id='word_1_83' title='bbox 1278 710 1410 751; x_wconf 89' lang='lat' dir='ltr'>XXX.</span> <span class='ocrx_word' id='word_1_84' title='bbox 1444 713 1487 751; x_wconf 89' lang='lat' dir='ltr'>et</span> 
     </span>
     <span class='ocr_line' id='line_1_12' title="bbox 139 769 1486 824; baseline -0.001 -14"><span class='ocrx_word' id='word_1_85' title='bbox 139 784 249 811; x_wconf 89' lang='lat' dir='ltr'>unus</span> <span class='ocrx_word' id='word_1_86' title='bbox 282 785 303 811; x_wconf 87' lang='lat' dir='ltr'>e</span> <span class='ocrx_word' id='word_1_87' title='bbox 335 785 510 811; x_wconf 91' lang='lat' dir='ltr'>numero</span> <span class='ocrx_word' id='word_1_88' title='bbox 543 770 604 811; x_wconf 84' lang='lat' dir='ltr'>sic</span> <span class='ocrx_word' id='word_1_89' title='bbox 636 770 822 823; x_wconf 87' lang='lat' dir='ltr'>appellat</span> <span class='ocrx_word' id='word_1_90' title='bbox 854 770 1074 824; x_wconf 67' lang='lat' dir='ltr'>equorsum</span> <span class='ocrx_word' id='word_1_91' title='bbox 1107 770 1234 811; x_wconf 89' lang='lat' dir='ltr'>istam</span> <span class='ocrx_word' id='word_1_92' title='bbox 1265 769 1486 810; x_wconf 83' lang='lat' dir='ltr'>festinanti</span> 
     </span>
     <span class='ocr_line' id='line_1_13' title="bbox 139 827 1486 883; baseline -0.001 -14"><span class='ocrx_word' id='word_1_93' title='bbox 139 829 323 883; x_wconf 83' lang='lat' dir='ltr'>uestigio</span> <span class='ocrx_word' id='word_1_94' title='bbox 355 829 591 870; x_wconf 84' lang='lat' dir='ltr'>lucubratis</span> <span class='ocrx_word' id='word_1_95' title='bbox 624 829 737 869; x_wconf 88' lang='lat' dir='ltr'>uiam</span> <span class='ocrx_word' id='word_1_96' title='bbox 764 844 840 870; x_wconf 89' lang='lat' dir='ltr'>nec</span> <span class='ocrx_word' id='word_1_97' title='bbox 867 830 1004 870; x_wconf 88' lang='lat' dir='ltr'>noctis</span> <span class='ocrx_word' id='word_1_98' title='bbox 1035 830 1314 883; x_wconf 87' lang='lat' dir='ltr'>intempestae</span> <span class='ocrx_word' id='word_1_99' title='bbox 1339 827 1486 869; x_wconf 87' lang='lat' dir='ltr'>Manes</span> 
     </span>
     <span class='ocr_line' id='line_1_14' title="bbox 138 887 1486 942; baseline -0.001 -14"><span class='ocrx_word' id='word_1_100' title='bbox 138 887 383 942; x_wconf 88' lang='lat' dir='ltr'>Laruasque</span> <span class='ocrx_word' id='word_1_101' title='bbox 421 888 693 929; x_wconf 81' lang='lat' dir='ltr'>formidatis?</span> <span class='ocrx_word' id='word_1_102' title='bbox 739 902 792 928; x_wconf 66' lang='lat' dir='ltr'>aaz</span> <span class='ocrx_word' id='word_1_103' title='bbox 829 891 894 942; x_wconf 77' lang='lat' dir='ltr'>tu7</span> <span class='ocrx_word' id='word_1_104' title='bbox 926 888 1183 941; x_wconf 87' lang='lat' dir='ltr'>probissima</span> <span class='ocrx_word' id='word_1_105' title='bbox 1219 887 1378 942; x_wconf 83' lang='lat' dir='ltr'>puella,</span> <span class='ocrx_word' id='word_1_106' title='bbox 1417 902 1486 941; x_wconf 90' lang='lat' dir='ltr'>pa-</span> 
     </span>
     <span class='ocr_line' id='line_1_15' title="bbox 139 947 1487 1001; baseline -0.001 -14"><span class='ocrx_word' id='word_1_107' title='bbox 139 950 280 988; x_wconf 90' lang='lat' dir='ltr'>rentes</span> <span class='ocrx_word' id='word_1_108' title='bbox 313 950 410 988; x_wconf 89' lang='lat' dir='ltr'>tuos</span> <span class='ocrx_word' id='word_1_109' title='bbox 439 948 589 1000; x_wconf 69' lang='lat' dir='ltr'>furtim</span> <span class='ocrx_word' id='word_1_110' title='bbox 621 947 872 987; x_wconf 82' lang='lat' dir='ltr'>internisere</span> <span class='ocrx_word' id='word_1_111' title='bbox 904 947 1189 1001; x_wconf 79' lang='lat' dir='ltr'>properabas?</span> <span class='ocrx_word' id='word_1_112' title='bbox 1231 947 1304 988; x_wconf 89' lang='lat' dir='ltr'>sed</span> <span class='ocrx_word' id='word_1_113' title='bbox 1335 961 1413 987; x_wconf 91' lang='lat' dir='ltr'>nos</span> <span class='ocrx_word' id='word_1_114' title='bbox 1445 948 1487 987; x_wconf 92' lang='lat' dir='ltr'>et</span> 
     </span>
     <span class='ocr_line' id='line_1_16' title="bbox 140 1006 1537 1059; baseline 0 -13"><span class='ocrx_word' id='word_1_115' title='bbox 140 1006 362 1047; x_wconf 86' lang='lat' dir='ltr'>solitudini</span> <span class='ocrx_word' id='word_1_116' title='bbox 401 1009 497 1047; x_wconf 89' lang='lat' dir='ltr'>tuae</span> <span class='ocrx_word' id='word_1_117' title='bbox 529 1006 788 1059; x_wconf 84' lang='lat' dir='ltr'>praesidium</span> <span class='ocrx_word' id='word_1_118' title='bbox 823 1006 1133 1059; x_wconf 86' lang='lat' dir='ltr'>praestabimus</span> <span class='ocrx_word' id='word_1_119' title='bbox 1166 1009 1208 1047; x_wconf 88' lang='lat' dir='ltr'>et</span> <span class='ocrx_word' id='word_1_120' title='bbox 1238 1006 1486 1059; x_wconf 75' lang='lat' dir='ltr'>compendio-</span> <span class='ocrx_word' id='word_1_121' title='bbox 1525 1021 1537 1028; x_wconf 67' lang='lat'><strong><em>‘</em></strong></span> 
     </span>
     <span class='ocr_line' id='line_1_17' title="bbox 138 1064 1487 1106; baseline -0.001 -1"><span class='ocrx_word' id='word_1_122' title='bbox 138 1078 231 1106; x_wconf 73' lang='lat' dir='ltr'>sum</span> <span class='ocrx_word' id='word_1_123' title='bbox 269 1065 321 1105; x_wconf 89' lang='lat' dir='ltr'>ad</span> <span class='ocrx_word' id='word_1_124' title='bbox 362 1066 596 1106; x_wconf 68' lang='lat' dir='ltr'>domesticos</span> <span class='ocrx_word' id='word_1_125' title='bbox 634 1064 715 1105; x_wconf 84' lang='lat' dir='ltr'>iter</span> <span class='ocrx_word' id='word_1_126' title='bbox 751 1065 1101 1106; x_wconf 86' lang='lat' dir='ltr'>monstrabimus&#39;</span> <span class='ocrx_word' id='word_1_127' title='bbox 1133 1068 1175 1106; x_wconf 90' lang='lat' dir='ltr'>et</span> <span class='ocrx_word' id='word_1_128' title='bbox 1212 1079 1321 1105; x_wconf 89' lang='lat' dir='ltr'>unus</span> <span class='ocrx_word' id='word_1_129' title='bbox 1359 1078 1487 1104; x_wconf 90' lang='lat' dir='ltr'>manu</span> 
     </span>
     <span class='ocr_line' id='line_1_18' title="bbox 138 1123 1487 1177; baseline -0.001 -13"><span class='ocrx_word' id='word_1_130' title='bbox 138 1125 290 1165; x_wconf 71' lang='lat' dir='ltr'>iniecta</span> <span class='ocrx_word' id='word_1_131' title='bbox 327 1123 509 1177; x_wconf 74' lang='lat' dir='ltr'>&lt;uerba&gt;</span> <span class='ocrx_word' id='word_1_132' title='bbox 541 1126 711 1164; x_wconf 89' lang='lat' dir='ltr'>secutus</span> <span class='ocrx_word' id='word_1_133' title='bbox 755 1123 963 1176; x_wconf 89' lang='lat' dir='ltr'>prehenso</span> <span class='ocrx_word' id='word_1_134' title='bbox 1008 1124 1098 1165; x_wconf 89' lang='lat' dir='ltr'>loro</span> <span class='ocrx_word' id='word_1_135' title='bbox 1144 1127 1376 1165; x_wconf 84' lang='lat' dir='ltr'>retrorsum</span> <span class='ocrx_word' id='word_1_136' title='bbox 1419 1137 1487 1163; x_wconf 91' lang='lat' dir='ltr'>me</span> 
     </span>
     <span class='ocr_line' id='line_1_19' title="bbox 140 1182 1487 1238; baseline -0.001 -15"><span class='ocrx_word' id='word_1_137' title='bbox 140 1183 475 1236; x_wconf 85' lang='lat' dir='ltr'>circumtorquet</span> <span class='ocrx_word' id='word_1_138' title='bbox 511 1197 588 1224; x_wconf 92' lang='lat' dir='ltr'>nec</span> <span class='ocrx_word' id='word_1_139' title='bbox 626 1182 766 1223; x_wconf 86' lang='lat' dir='ltr'>baculi</span> <span class='ocrx_word' id='word_1_140' title='bbox 804 1183 953 1223; x_wconf 87' lang='lat' dir='ltr'>nodosi</span> <span class='ocrx_word' id='word_1_141' title='bbox 992 1183 1105 1238; x_wconf 90' lang='lat' dir='ltr'>quod</span> <span class='ocrx_word' id='word_1_142' title='bbox 1143 1183 1335 1237; x_wconf 82' lang='lat' dir='ltr'>gerebat·</span> <span class='ocrx_word' id='word_1_143' title='bbox 1355 1182 1487 1223; x_wconf 87' lang='lat' dir='ltr'>suetis</span> 
     </span>
     <span class='ocr_line' id='line_1_20' title="bbox 140 1241 1487 1296; baseline -0.001 -14"><span class='ocrx_word' id='word_1_144' title='bbox 140 1241 297 1282; x_wconf 86' lang='lat' dir='ltr'>ictibus</span> <span class='ocrx_word' id='word_1_145' title='bbox 323 1244 542 1295; x_wconf 89' lang='lat' dir='ltr'>temperat.</span> <span class='ocrx_word' id='word_1_146' title='bbox 585 1244 687 1282; x_wconf 89' lang='lat' dir='ltr'>tunc</span> <span class='ocrx_word' id='word_1_147' title='bbox 712 1241 892 1295; x_wconf 82' lang='lat' dir='ltr'>ingratis</span> <span class='ocrx_word' id='word_1_148' title='bbox 919 1242 971 1282; x_wconf 88' lang='lat' dir='ltr'>ad</span> <span class='ocrx_word' id='word_1_149' title='bbox 996 1245 1242 1296; x_wconf 87' lang='lat' dir='ltr'>promptum</span> <span class='ocrx_word' id='word_1_150' title='bbox 1269 1255 1487 1282; x_wconf 87' lang='lat' dir='ltr'>recurrens</span> 
     </span>
     <span class='ocr_line' id='line_1_21' title="bbox 139 1300 1488 1355; baseline -0.001 -14"><span class='ocrx_word' id='word_1_151' title='bbox 139 1301 319 1341; x_wconf 85' lang='lat' dir='ltr'>exitium</span> <span class='ocrx_word' id='word_1_152' title='bbox 352 1301 601 1341; x_wconf 88' lang='lat' dir='ltr'>reminiscor</span> <span class='ocrx_word' id='word_1_153' title='bbox 633 1300 791 1341; x_wconf 88' lang='lat' dir='ltr'>doloris</span> <span class='ocrx_word' id='word_1_154' title='bbox 829 1301 1014 1355; x_wconf 79' lang='lat' dir='ltr'>ungulae</span> <span class='ocrx_word' id='word_1_155' title='bbox 1047 1304 1089 1342; x_wconf 90' lang='lat' dir='ltr'>et</span> <span class='ocrx_word' id='word_1_156' title='bbox 1120 1301 1281 1355; x_wconf 89' lang='lat' dir='ltr'>occipio</span> <span class='ocrx_word' id='word_1_157' title='bbox 1320 1300 1488 1341; x_wconf 88' lang='lat' dir='ltr'>nutanti</span> 
     </span>
     <span class='ocr_line' id='line_1_22' title="bbox 141 1359 1486 1414; baseline 0 -14"><span class='ocrx_word' id='word_1_158' title='bbox 141 1360 278 1413; x_wconf 88' lang='lat' dir='ltr'>capite</span> <span class='ocrx_word' id='word_1_159' title='bbox 323 1360 568 1400; x_wconf 82' lang='lat' dir='ltr'>claudicare.</span> <span class='ocrx_word' id='word_1_160' title='bbox 631 1359 705 1400; x_wconf 88' lang='lat' dir='ltr'>sed</span> <span class='ocrx_word' id='word_1_161' title='bbox 743 1359 868 1400; x_wconf 66' lang='lat' dir='ltr'>‘ecce’</span> <span class='ocrx_word' id='word_1_162' title='bbox 906 1360 1046 1414; x_wconf 86' lang='lat' dir='ltr'>inquit</span> <span class='ocrx_word' id='word_1_163' title='bbox 1090 1360 1161 1401; x_wconf 90' lang='lat' dir='ltr'>ille</span> <span class='ocrx_word' id='word_1_164' title='bbox 1200 1360 1273 1414; x_wconf 92' lang='lat' dir='ltr'>qui</span> <span class='ocrx_word' id='word_1_165' title='bbox 1316 1374 1382 1400; x_wconf 90' lang='lat' dir='ltr'>me</span> <span class='ocrx_word' id='word_1_166' title='bbox 1426 1374 1486 1400; x_wconf 87' lang='lat' dir='ltr'>re-</span> 
     </span>
     <span class='ocr_line' id='line_1_23' title="bbox 139 1417 1487 1473; baseline -0.001 -14"><span class='ocrx_word' id='word_1_167' title='bbox 139 1421 329 1459; x_wconf 85' lang='lat' dir='ltr'>traxerat</span> <span class='ocrx_word' id='word_1_168' title='bbox 361 1419 545 1459; x_wconf 68' lang='lat' dir='ltr'>erursum</span> <span class='ocrx_word' id='word_1_169' title='bbox 572 1418 732 1459; x_wconf 86' lang='lat' dir='ltr'>titubas</span> <span class='ocrx_word' id='word_1_170' title='bbox 768 1422 810 1459; x_wconf 88' lang='lat' dir='ltr'>et</span> <span class='ocrx_word' id='word_1_171' title='bbox 835 1419 1034 1460; x_wconf 89' lang='lat' dir='ltr'>uaccillas</span> <span class='ocrx_word' id='word_1_172' title='bbox 1073 1422 1115 1460; x_wconf 93' lang='lat' dir='ltr'>et</span> <span class='ocrx_word' id='word_1_173' title='bbox 1146 1421 1292 1473; x_wconf 89' lang='lat' dir='ltr'>putres</span> <span class='ocrx_word' id='word_1_174' title='bbox 1325 1418 1398 1459; x_wconf 89' lang='lat' dir='ltr'>isti</span> <span class='ocrx_word' id='word_1_175' title='bbox 1423 1417 1487 1459; x_wconf 92' lang='lat' dir='ltr'>tui</span> 
     </span>
     <span class='ocr_line' id='line_1_24' title="bbox 138 1476 1486 1532; baseline 0 -14"><span class='ocrx_word' id='word_1_176' title='bbox 138 1477 266 1531; x_wconf 90' lang='lat' dir='ltr'>pedes</span> <span class='ocrx_word' id='word_1_177' title='bbox 316 1478 463 1532; x_wconf 82' lang='lat' dir='ltr'>fugere</span> <span class='ocrx_word' id='word_1_178' title='bbox 507 1480 705 1531; x_wconf 68' lang='lat' dir='ltr'>possunt,</span> <span class='ocrx_word' id='word_1_179' title='bbox 749 1477 965 1518; x_wconf 87' lang='lat' dir='ltr'>ambulare</span> <span class='ocrx_word' id='word_1_180' title='bbox 1006 1479 1216 1519; x_wconf 79' lang='lat' dir='ltr'>nesciunt!</span> <span class='ocrx_word' id='word_1_181' title='bbox 1273 1480 1316 1518; x_wconf 89' lang='lat' dir='ltr'>at</span> <span class='ocrx_word' id='word_1_182' title='bbox 1359 1476 1486 1532; x_wconf 87' lang='lat' dir='ltr'>paulo</span> 
     </span>
     <span class='ocr_line' id='line_1_25' title="bbox 141 1536 1226 1590; baseline 0.001 -13"><span class='ocrx_word' id='word_1_183' title='bbox 141 1539 237 1577; x_wconf 91' lang='lat' dir='ltr'>ante</span> <span class='ocrx_word' id='word_1_184' title='bbox 270 1536 489 1590; x_wconf 86' lang='lat' dir='ltr'>pinnatam</span> <span class='ocrx_word' id='word_1_185' title='bbox 521 1536 674 1590; x_wconf 83' lang='lat' dir='ltr'>Pegasi</span> <span class='ocrx_word' id='word_1_186' title='bbox 707 1536 906 1577; x_wconf 89' lang='lat' dir='ltr'>uincebas</span> <span class='ocrx_word' id='word_1_187' title='bbox 939 1537 1226 1578; x_wconf 84' lang='lat' dir='ltr'>celeritatem.&#39;</span> 
     </span>
    </p>

    <p class='ocr_par' dir='ltr' id='par_1_3' title="bbox 140 1595 1538 1768">
     <span class='ocr_line' id='line_1_26' title="bbox 229 1595 1538 1651; baseline -0.001 -15"><span class='ocrx_word' id='word_1_188' title='bbox 229 1595 343 1636; x_wconf 90' lang='lat' dir='ltr'>Dum</span> <span class='ocrx_word' id='word_1_189' title='bbox 377 1596 436 1636; x_wconf 91' lang='lat' dir='ltr'>sic</span> <span class='ocrx_word' id='word_1_190' title='bbox 468 1610 634 1636; x_wconf 87' lang='lat' dir='ltr'>mecum</span> <span class='ocrx_word' id='word_1_191' title='bbox 665 1595 822 1636; x_wconf 85' lang='lat' dir='ltr'>fustem</span> <span class='ocrx_word' id='word_1_192' title='bbox 855 1596 1050 1649; x_wconf 87' lang='lat' dir='ltr'>quatiens</span> <span class='ocrx_word' id='word_1_193' title='bbox 1084 1596 1292 1651; x_wconf 81' lang='lat' dir='ltr'>benignus</span> <span class='ocrx_word' id='word_1_194' title='bbox 1326 1595 1488 1636; x_wconf 86' lang='lat' dir='ltr'>iocatur</span> <span class='ocrx_word' id='word_1_195' title='bbox 1527 1610 1538 1616; x_wconf 85' lang='lat'><em>·</em></span> 
     </span>
     <span class='ocr_line' id='line_1_27' title="bbox 142 1654 1487 1708; baseline 0 -14"><span class='ocrx_word' id='word_1_196' title='bbox 142 1669 295 1708; x_wconf 81' lang='lat' dir='ltr'>comes,</span> <span class='ocrx_word' id='word_1_197' title='bbox 323 1654 379 1708; x_wconf 89' lang='lat' dir='ltr'>[p.</span> <span class='ocrx_word' id='word_1_198' title='bbox 398 1654 480 1695; x_wconf 81' lang='lat'>116</span> <span class='ocrx_word' id='word_1_199' title='bbox 494 1654 564 1708; x_wconf 86' lang='lat' dir='ltr'>E]</span> <span class='ocrx_word' id='word_1_200' title='bbox 592 1655 676 1695; x_wconf 85' lang='lat' dir='ltr'>iam</span> <span class='ocrx_word' id='word_1_201' title='bbox 704 1654 853 1695; x_wconf 89' lang='lat' dir='ltr'>domus</span> <span class='ocrx_word' id='word_1_202' title='bbox 881 1669 1027 1695; x_wconf 89' lang='lat' dir='ltr'>eorum</span> <span class='ocrx_word' id='word_1_203' title='bbox 1054 1658 1287 1696; x_wconf 81' lang='lat' dir='ltr'>extremam</span> <span class='ocrx_word' id='word_1_204' title='bbox 1312 1654 1487 1695; x_wconf 90' lang='lat' dir='ltr'>loricam</span> 
     </span>
     <span class='ocr_line' id='line_1_28' title="bbox 140 1714 1487 1768; baseline 0 -14"><span class='ocrx_word' id='word_1_205' title='bbox 140 1728 480 1767; x_wconf 90' lang='lat' dir='ltr'>perueneramus.</span> <span class='ocrx_word' id='word_1_206' title='bbox 533 1716 575 1754; x_wconf 89' lang='lat' dir='ltr'>et</span> <span class='ocrx_word' id='word_1_207' title='bbox 607 1728 700 1754; x_wconf 89' lang='lat' dir='ltr'>ecce</span> <span class='ocrx_word' id='word_1_208' title='bbox 733 1714 782 1755; x_wconf 88' lang='lat' dir='ltr'>de</span> <span class='ocrx_word' id='word_1_209' title='bbox 815 1714 997 1767; x_wconf 85' lang='lat' dir='ltr'>quodam</span> <span class='ocrx_word' id='word_1_210' title='bbox 1036 1729 1152 1755; x_wconf 85' lang='lat' dir='ltr'>ramo</span> <span class='ocrx_word' id='word_1_211' title='bbox 1191 1727 1388 1768; x_wconf 88' lang='lat' dir='ltr'>procerae</span> <span class='ocrx_word' id='word_1_212' title='bbox 1421 1727 1487 1754; x_wconf 89' lang='lat' dir='ltr'>cu-</span> 
     </span>
    </p>
   </div>
   <div class='ocr_carea' id='block_1_3' title="bbox 138 1840 1490 2356">
    <p class='ocr_par' dir='ltr' id='par_1_4' title="bbox 138 1840 1490 2356">
     <span class='ocr_line' id='line_1_29' title="bbox 234 1840 1487 1888; baseline -0.001 -13"><span class='ocrx_word' id='word_1_213' title='bbox 234 1845 253 1875; x_wconf 86' lang='lat'>5</span> <span class='ocrx_word' id='word_1_214' title='bbox 288 1840 422 1888; x_wconf 76' lang='lat' dir='ltr'>(uim)</span> <span class='ocrx_word' id='word_1_215' title='bbox 449 1841 574 1876; x_wconf 73' lang='lat' dir='ltr'>Rohde</span> <span class='ocrx_word' id='word_1_216' title='bbox 683 1844 704 1875; x_wconf 84' lang='grc'>8</span> <span class='ocrx_word' id='word_1_217' title='bbox 736 1840 971 1876; x_wconf 89' lang='lat' dir='ltr'>hirciscunde</span> <span class='ocrx_word' id='word_1_218' title='bbox 998 1854 1025 1885; x_wconf 83' lang='grc' dir='ltr'>φ</span> <span class='ocrx_word' id='word_1_219' title='bbox 1054 1842 1185 1887; x_wconf 75' lang='lat' dir='ltr'>(suppl.</span> <span class='ocrx_word' id='word_1_220' title='bbox 1212 1854 1257 1876; x_wconf 80' lang='lat' dir='ltr'>m.</span> <span class='ocrx_word' id='word_1_221' title='bbox 1284 1854 1312 1876; x_wconf 81' lang='lat' dir='ltr'>r.</span> <span class='ocrx_word' id='word_1_222' title='bbox 1340 1842 1381 1875; x_wconf 67' lang='lat' dir='ltr'>in</span> <span class='ocrx_word' id='word_1_223' title='bbox 1406 1841 1487 1882; x_wconf 80' lang='lat' dir='ltr'>Iac.)</span> 
     </span>
     <span class='ocr_line' id='line_1_30' title="bbox 138 1886 1488 1933; baseline -0.001 -11"><span class='ocrx_word' id='word_1_224' title='bbox 138 1888 185 1931; x_wconf 83' lang='lat' dir='ltr'>cf.</span> <span class='ocrx_word' id='word_1_225' title='bbox 214 1892 291 1922; x_wconf 90' lang='lat'>171.</span> <span class='ocrx_word' id='word_1_226' title='bbox 309 1892 353 1922; x_wconf 88' lang='grc'>20</span> <span class='ocrx_word' id='word_1_227' title='bbox 441 1892 483 1922; x_wconf 90' lang='grc'>13</span> <span class='ocrx_word' id='word_1_228' title='bbox 510 1900 558 1922; x_wconf 82' lang='lat' dir='ltr'>an</span> <span class='ocrx_word' id='word_1_229' title='bbox 584 1889 642 1932; x_wconf 83' lang='grc' dir='ltr'>φδ</span> <span class='ocrx_word' id='word_1_230' title='bbox 668 1889 728 1923; x_wconf 81' lang='lat' dir='ltr'>Bl.</span> <span class='ocrx_word' id='word_1_231' title='bbox 762 1890 802 1922; x_wconf 90' lang='lat' dir='ltr'>at</span> <span class='ocrx_word' id='word_1_232' title='bbox 827 1888 855 1922; x_wconf 99' lang='lat' dir='ltr'><strong>F</strong></span> <span class='ocrx_word' id='word_1_233' title='bbox 881 1890 954 1933; x_wconf 77' lang='lat' dir='ltr'>(sed</span> <span class='ocrx_word' id='word_1_234' title='bbox 977 1890 1204 1933; x_wconf 72' lang='lat' dir='ltr'>rescriptum)</span> <span class='ocrx_word' id='word_1_235' title='bbox 1291 1892 1334 1922; x_wconf 89' lang='lat'>14</span> <span class='ocrx_word' id='word_1_236' title='bbox 1359 1886 1488 1922; x_wconf 76' lang='lat' dir='ltr'>furtim</span> 
     </span>
     <span class='ocr_line' id='line_1_31' title="bbox 139 1934 1487 1979; baseline 0.001 -12"><span class='ocrx_word' id='word_1_237' title='bbox 139 1934 360 1970; x_wconf 83' lang='lat' dir='ltr'>interuisere</span> <span class='ocrx_word' id='word_1_238' title='bbox 390 1935 480 1970; x_wconf 64' lang='grc' dir='ltr'><strong>ΟΜΖ.</strong></span> <span class='ocrx_word' id='word_1_239' title='bbox 524 1935 654 1969; x_wconf 86' lang='lat' dir='ltr'>furtim</span> <span class='ocrx_word' id='word_1_240' title='bbox 685 1935 805 1970; x_wconf 84' lang='lat' dir='ltr'>uisere</span> <span class='ocrx_word' id='word_1_241' title='bbox 833 1949 860 1979; x_wconf 85' lang='grc' dir='ltr'>φ</span> <span class='ocrx_word' id='word_1_242' title='bbox 904 1935 1124 1970; x_wconf 83' lang='lat' dir='ltr'>internisere</span> <span class='ocrx_word' id='word_1_243' title='bbox 1159 1935 1219 1970; x_wconf 76' lang='grc' dir='ltr'><em>Ρὸ</em></span> <span class='ocrx_word' id='word_1_244' title='bbox 1232 1935 1272 1970; x_wconf 91' lang='grc' dir='ltr'>Ε.</span> <span class='ocrx_word' id='word_1_245' title='bbox 1305 1935 1349 1978; x_wconf 79' lang='lat' dir='ltr'>cf.</span> <span class='ocrx_word' id='word_1_246' title='bbox 1379 1938 1487 1977; x_wconf 81' lang='lat'>16.4;</span> 
     </span>
     <span class='ocr_line' id='line_1_32' title="bbox 143 1982 1490 2027; baseline 0.001 -12"><span class='ocrx_word' id='word_1_247' title='bbox 143 1985 292 2016; x_wconf 68' lang='grc'>10217.</span> <span class='ocrx_word' id='word_1_248' title='bbox 337 1983 387 2017; x_wconf 75' lang='lat' dir='ltr'>In</span> <span class='ocrx_word' id='word_1_249' title='bbox 411 1982 439 2016; x_wconf 90' lang='lat' dir='ltr'><strong>F</strong></span> <span class='ocrx_word' id='word_1_250' title='bbox 471 1984 556 2017; x_wconf 79' lang='lat' dir='ltr'>haec</span> <span class='ocrx_word' id='word_1_251' title='bbox 581 1983 705 2017; x_wconf 71' lang='lat' dir='ltr'>omnia</span> <span class='ocrx_word' id='word_1_252' title='bbox 729 1994 796 2018; x_wconf 72' lang='lat' dir='ltr'>rec.</span> <span class='ocrx_word' id='word_1_253' title='bbox 823 1995 867 2018; x_wconf 84' lang='lat' dir='ltr'>m.</span> <span class='ocrx_word' id='word_1_254' title='bbox 894 1985 1089 2027; x_wconf 73' lang='lat' dir='ltr'>rescrzpta;</span> <span class='ocrx_word' id='word_1_255' title='bbox 1114 1985 1155 2018; x_wconf 75' lang='lat' dir='ltr'>in</span> <span class='ocrx_word' id='word_1_256' title='bbox 1187 1996 1214 2027; x_wconf 81' lang='grc' dir='ltr'>φ</span> <span class='ocrx_word' id='word_1_257' title='bbox 1247 1983 1369 2017; x_wconf 78' lang='lat' dir='ltr'>onmia</span> <span class='ocrx_word' id='word_1_258' title='bbox 1394 1982 1490 2016; x_wconf 75' lang='lat' dir='ltr'>inter</span> 
     </span>
     <span class='ocr_line' id='line_1_33' title="bbox 138 2028 1488 2075; baseline 0 -13"><span class='ocrx_word' id='word_1_259' title='bbox 138 2028 340 2073; x_wconf 87' lang='lat' dir='ltr'>laruasque</span> <span class='ocrx_word' id='word_1_260' title='bbox 367 2031 440 2074; x_wconf 88' lang='lat'>(13)</span> <span class='ocrx_word' id='word_1_261' title='bbox 465 2034 498 2064; x_wconf 72' lang='lat' dir='ltr'>et</span> <span class='ocrx_word' id='word_1_262' title='bbox 522 2029 664 2074; x_wconf 88' lang='lat' dir='ltr'>phenso</span> <span class='ocrx_word' id='word_1_263' title='bbox 691 2031 764 2074; x_wconf 87' lang='lat'>(17)</span> <span class='ocrx_word' id='word_1_264' title='bbox 796 2042 841 2065; x_wconf 82' lang='lat' dir='ltr'>m.</span> <span class='ocrx_word' id='word_1_265' title='bbox 862 2042 891 2065; x_wconf 76' lang='lat' dir='ltr'>r.</span> <span class='ocrx_word' id='word_1_266' title='bbox 918 2031 1037 2075; x_wconf 77' lang='lat' dir='ltr'>suppl.</span> <span class='ocrx_word' id='word_1_267' title='bbox 1064 2031 1104 2065; x_wconf 71' lang='lat' dir='ltr'>in</span> <span class='ocrx_word' id='word_1_268' title='bbox 1130 2031 1196 2065; x_wconf 81' lang='lat' dir='ltr'>Iac.</span> <span class='ocrx_word' id='word_1_269' title='bbox 1306 2033 1349 2063; x_wconf 88' lang='lat'>15</span> <span class='ocrx_word' id='word_1_270' title='bbox 1382 2039 1488 2073; x_wconf 89' lang='lat' dir='ltr'>prae-</span> 
     </span>
     <span class='ocr_line' id='line_1_34' title="bbox 139 2075 1487 2121; baseline -0.001 -11"><span class='ocrx_word' id='word_1_271' title='bbox 139 2076 269 2111; x_wconf 88' lang='lat' dir='ltr'>bemus</span> <span class='ocrx_word' id='word_1_272' title='bbox 302 2090 330 2121; x_wconf 83' lang='grc' dir='ltr'>φ</span> <span class='ocrx_word' id='word_1_273' title='bbox 373 2076 653 2121; x_wconf 86' lang='lat' dir='ltr'>perhibebimus</span> <span class='ocrx_word' id='word_1_274' title='bbox 680 2079 702 2111; x_wconf 84' lang='grc' dir='ltr'><em>ὃ</em></span> <span class='ocrx_word' id='word_1_275' title='bbox 732 2077 822 2112; x_wconf 79' lang='lat' dir='ltr'>Oud.</span> <span class='ocrx_word' id='word_1_276' title='bbox 946 2081 1060 2112; x_wconf 81' lang='lat'>15.16</span> <span class='ocrx_word' id='word_1_277' title='bbox 1099 2076 1403 2121; x_wconf 87' lang='lat' dir='ltr'>compendiosum</span> <span class='ocrx_word' id='word_1_278' title='bbox 1439 2075 1487 2109; x_wconf 88' lang='lat' dir='ltr'>ad</span> 
     </span>
     <span class='ocr_line' id='line_1_35' title="bbox 141 2123 1486 2169; baseline 0 -12"><span class='ocrx_word' id='word_1_279' title='bbox 141 2123 364 2158; x_wconf 86' lang='lat' dir='ltr'>domesticos</span> <span class='ocrx_word' id='word_1_280' title='bbox 384 2125 514 2168; x_wconf 71' lang='lat' dir='ltr'>scripsi</span> <span class='ocrx_word' id='word_1_281' title='bbox 533 2136 612 2159; x_wconf 79' lang='lat' dir='ltr'>eum</span> <span class='ocrx_word' id='word_1_282' title='bbox 632 2138 659 2168; x_wconf 89' lang='grc' dir='ltr'>φ</span> <span class='ocrx_word' id='word_1_283' title='bbox 682 2125 755 2168; x_wconf 79' lang='lat' dir='ltr'>(sed</span> <span class='ocrx_word' id='word_1_284' title='bbox 771 2125 823 2159; x_wconf 75' lang='lat' dir='ltr'>ibi</span> <span class='ocrx_word' id='word_1_285' title='bbox 846 2124 974 2159; x_wconf 88' lang='lat' dir='ltr'>domos</span> <span class='ocrx_word' id='word_1_286' title='bbox 991 2136 1060 2169; x_wconf 79' lang='lat' dir='ltr'>pro</span> <span class='ocrx_word' id='word_1_287' title='bbox 1088 2123 1310 2159; x_wconf 86' lang='lat' dir='ltr'>domesticos</span> <span class='ocrx_word' id='word_1_288' title='bbox 1336 2124 1381 2166; x_wconf 79' lang='lat' dir='ltr'>ef.</span> <span class='ocrx_word' id='word_1_289' title='bbox 1397 2123 1486 2157; x_wconf 77' lang='lat' dir='ltr'>Luc.</span> 
     </span>
     <span class='ocr_line' id='line_1_36' title="bbox 140 2171 1486 2216; baseline -0.001 -12"><span class='ocrx_word' id='word_1_290' title='bbox 140 2171 205 2205; x_wconf 79' lang='lat' dir='ltr'>As.</span> <span class='ocrx_word' id='word_1_291' title='bbox 234 2172 317 2215; x_wconf 85' lang='grc'>592)</span> <span class='ocrx_word' id='word_1_292' title='bbox 344 2171 393 2205; x_wconf 91' lang='lat' dir='ltr'>ad</span> <span class='ocrx_word' id='word_1_293' title='bbox 417 2173 590 2215; x_wconf 87' lang='lat' dir='ltr'>parentes</span> <span class='ocrx_word' id='word_1_294' title='bbox 618 2173 701 2205; x_wconf 85' lang='lat' dir='ltr'>tuos</span> <span class='ocrx_word' id='word_1_295' title='bbox 727 2171 809 2206; x_wconf 84' lang='lat' dir='ltr'>FE.</span> <span class='ocrx_word' id='word_1_296' title='bbox 847 2173 885 2206; x_wconf 84' lang='lat' dir='ltr'>et</span> <span class='ocrx_word' id='word_1_297' title='bbox 910 2171 1213 2216; x_wconf 84' lang='lat' dir='ltr'>compendiosum</span> <span class='ocrx_word' id='word_1_298' title='bbox 1239 2171 1288 2205; x_wconf 83' lang='lat' dir='ltr'>ad.</span> <span class='ocrx_word' id='word_1_299' title='bbox 1311 2171 1486 2215; x_wconf 86' lang='lat' dir='ltr'>parentes</span> 
     </span>
     <span class='ocr_line' id='line_1_37' title="bbox 140 2217 1487 2264; baseline -0.001 -12"><span class='ocrx_word' id='word_1_300' title='bbox 140 2219 226 2252; x_wconf 89' lang='lat' dir='ltr'>tuos</span> <span class='ocrx_word' id='word_1_301' title='bbox 253 2220 275 2252; x_wconf 83' lang='grc' dir='ltr'><em>δ</em></span> <span class='ocrx_word' id='word_1_302' title='bbox 372 2222 486 2252; x_wconf 87' lang='lat'>16.17</span> <span class='ocrx_word' id='word_1_303' title='bbox 514 2229 626 2252; x_wconf 89' lang='lat' dir='ltr'>manu</span> <span class='ocrx_word' id='word_1_304' title='bbox 651 2217 791 2253; x_wconf 82' lang='lat' dir='ltr'>iniecta</span> <span class='ocrx_word' id='word_1_305' title='bbox 817 2232 844 2262; x_wconf 87' lang='grc' dir='ltr'>φ</span> <span class='ocrx_word' id='word_1_306' title='bbox 882 2230 994 2253; x_wconf 88' lang='lat' dir='ltr'>manu</span> <span class='ocrx_word' id='word_1_307' title='bbox 1020 2219 1048 2252; x_wconf 87' lang='lat' dir='ltr'><strong>F</strong></span> <span class='ocrx_word' id='word_1_308' title='bbox 1081 2218 1253 2264; x_wconf 83' lang='lat' dir='ltr'>&lt;uerba&gt;</span> <span class='ocrx_word' id='word_1_309' title='bbox 1279 2218 1418 2253; x_wconf 74' lang='lat' dir='ltr'>inserui</span> <span class='ocrx_word' id='word_1_310' title='bbox 1441 2218 1487 2259; x_wconf 79' lang='lat' dir='ltr'>cf.</span> 
     </span>
     <span class='ocr_line' id='line_1_38' title="bbox 143 2264 1490 2309; baseline 0 -11"><span class='ocrx_word' id='word_1_311' title='bbox 143 2268 198 2299; x_wconf 89' lang='lat'>17.</span> <span class='ocrx_word' id='word_1_312' title='bbox 215 2269 250 2308; x_wconf 85' lang='lat'>6;</span> <span class='ocrx_word' id='word_1_313' title='bbox 274 2268 328 2300; x_wconf 86' lang='grc'>25.</span> <span class='ocrx_word' id='word_1_314' title='bbox 345 2269 382 2309; x_wconf 86' lang='grc'>3;</span> <span class='ocrx_word' id='word_1_315' title='bbox 404 2268 459 2299; x_wconf 84' lang='grc'>48.</span> <span class='ocrx_word' id='word_1_316' title='bbox 476 2269 528 2299; x_wconf 91' lang='grc'>21.</span> <span class='ocrx_word' id='word_1_317' title='bbox 559 2265 647 2300; x_wconf 69' lang='lat' dir='ltr'>Koz.</span> <span class='ocrx_word' id='word_1_318' title='bbox 665 2266 745 2300; x_wconf 73' lang='lat' dir='ltr'>Stil.</span> <span class='ocrx_word' id='word_1_319' title='bbox 762 2268 840 2300; x_wconf 79' lang='lat'>318.</span> <span class='ocrx_word' id='word_1_320' title='bbox 862 2269 880 2307; x_wconf 66' lang='grc' dir='ltr'>ξ</span> <span class='ocrx_word' id='word_1_321' title='bbox 902 2270 921 2299; x_wconf 86' lang='grc'>5</span> <span class='ocrx_word' id='word_1_322' title='bbox 983 2270 1024 2300; x_wconf 92' lang='lat'>17</span> <span class='ocrx_word' id='word_1_323' title='bbox 1045 2266 1199 2300; x_wconf 87' lang='lat' dir='ltr'>uerbum</span> <span class='ocrx_word' id='word_1_324' title='bbox 1218 2276 1331 2299; x_wconf 87' lang='lat' dir='ltr'>manu</span> <span class='ocrx_word' id='word_1_325' title='bbox 1350 2264 1490 2298; x_wconf 77' lang='lat' dir='ltr'>iniecta</span> 
     </span>
     <span class='ocr_line' id='line_1_39' title="bbox 141 2312 1486 2356; baseline -0.001 -11"><span class='ocrx_word' id='word_1_326' title='bbox 141 2314 291 2346; x_wconf 85' lang='lat' dir='ltr'>secutus</span> <span class='ocrx_word' id='word_1_327' title='bbox 319 2313 341 2347; x_wconf 80' lang='grc' dir='ltr'><em>δ</em></span> <span class='ocrx_word' id='word_1_328' title='bbox 415 2316 457 2346; x_wconf 86' lang='grc'>18</span> <span class='ocrx_word' id='word_1_329' title='bbox 484 2313 584 2356; x_wconf 89' lang='lat' dir='ltr'>quod</span> <span class='ocrx_word' id='word_1_330' title='bbox 609 2312 674 2356; x_wconf 73' lang='lat' dir='ltr'>Fcp</span> <span class='ocrx_word' id='word_1_331' title='bbox 701 2323 811 2356; x_wconf 86' lang='lat' dir='ltr'>quem</span> <span class='ocrx_word' id='word_1_332' title='bbox 837 2314 859 2347; x_wconf 82' lang='grc' dir='ltr'><em>δ</em></span> <span class='ocrx_word' id='word_1_333' title='bbox 934 2317 975 2347; x_wconf 90' lang='grc'>22</span> <span class='ocrx_word' id='word_1_334' title='bbox 1004 2312 1182 2347; x_wconf 85' lang='lat' dir='ltr'>baccillas</span> <span class='ocrx_word' id='word_1_335' title='bbox 1209 2312 1291 2356; x_wconf 72' lang='grc' dir='ltr'>Ρφ1</span> <span class='ocrx_word' id='word_1_336' title='bbox 1317 2313 1360 2355; x_wconf 76' lang='lat' dir='ltr'>ef.</span> <span class='ocrx_word' id='word_1_337' title='bbox 1377 2314 1486 2346; x_wconf 70' lang='lat'>9317</span> 
     </span>
    </p>
   </div>
   <div class='ocr_carea' id='block_1_4' title="bbox 1499 0 1591 2556">
    <p class='ocr_par' dir='ltr' id='par_1_5' title="bbox 1499 0 1591 2556">
     <span class='ocr_line' id='line_1_40' title="bbox 1499 0 1591 2556; baseline 0 0"><span class='ocrx_word' id='word_1_338' title='bbox 1499 0 1591 2556; x_wconf 95' lang='lat' dir='ltr'> </span> 
     </span>
    </p>
   </div>
  </div>
 </body>
</html>
