1591 2556
664 91 763 126 CAP.
790 92 904 135 i-ni
1401 92 1456 133 69

119 204 240 243 spero
273 189 443 230 Euentu
477 202 601 229 cursu
632 202 699 228 me
738 187 903 228 concito
941 188 1147 242 proripio,
1188 192 1235 230 ut
1265 189 1457 230 hercules

118 249 208 302 ipse
241 248 440 290 sentirem
478 261 562 288 non
600 246 765 287 asinum
802 261 869 288 me
910 261 1058 288 uerum
1097 247 1263 301 [et]iam
1301 263 1456 303 equum

119 307 327 348 currulem
359 306 490 347 nimio
522 305 760 347 uelocitatis
791 305 1006 347 refectum.
1069 306 1142 347 sed
1174 307 1298 361 agilis
1330 310 1457 362 atque

117 366 356 420 praeclarus
382 365 453 406 ille
486 368 660 407 conatus
700 364 894 406 fortunae
932 380 1048 406 meae
1084 366 1356 407 scaeuitatem
1389 382 1458 407 an-

83 445 98 467 s,
118 426 222 466 teire
252 439 338 466 non
369 424 521 478 potuit.
584 424 667 465 iam
700 424 811 464 enim
849 424 941 465 loco
973 424 1192 478 proximus
1233 439 1317 465 non
1349 425 1457 466 ullas

62 1329 95 1351 20

116 499 233 525 rosas
260 487 425 525 teneras
452 486 494 524 et
514 498 722 537 amoenas,
742 483 931 524 madidas
958 483 1092 524 diuini
1117 484 1226 524 roris
1253 487 1295 525 et
1320 487 1458 525 necta-

114 543 191 597 ris,
232 558 335 597 quas
379 542 475 583 rubi
516 542 652 583 felicis
689 542 835 583 beatae
874 542 1019 596 spinae
1057 546 1281 597 generant,
1325 557 1369 584 ac
1405 559 1457 584 ne

116 602 351 644 conuallem
384 601 553 656 quidem
585 616 777 656 usquam,
809 601 891 642 11131
923 604 1090 643 tantum
1122 602 1237 656 ripae
1269 602 1457 643 fluuialis

115 661 350 716 marginem
383 661 523 702 densis
556 660 777 701 arboribus
810 663 973 715 septam
1000 661 1134 702 uideo.
1179 660 1258 702 hae
1285 661 1457 702 arbores

65 740 75 761 1
117 720 160 761 in
186 720 294 761 lauri
320 720 470 761 faciem
496 719 659 774 prolixe
684 720 857 761 foliatae
882 720 1053 774 pariunt
1079 721 1122 761 in
1141 720 1315 761 modum
1341 720 1458 761 floris

115 779 230 821 odori
269 782 487 834 porrectos
519 778 718 820 caliculos
750 779 914 820 modice
946 779 1204 833 punicantiS‚
1233 779 1459 832 fraglantis

115 834 303 893 mmmm,
347 853 452 892 quos
497 838 691 892 equidem
732 839 909 879 rurestri
949 838 1156 880 uocabulo
1201 838 1356 893 uulgus
1398 839 1456 879 in-

115 897 287 938 doctum
319 912 435 938 rosas
467 896 631 938 laureas
664 897 879 951 appellant
912 912 1174 952 quarumque
1207 900 1357 938 cuncto
1390 912 1457 951 pe-

115 956 201 998 cori
234 956 353 997 cibus
384 955 523 997 letalis
564 959 638 997 est.
700 955 775 997 III.
820 956 976 998 talibus
1014 957 1114 998 fatis
1151 956 1385 1011 implicitus
1418 960 1460 997 et

80 1033 94 1057 5
115 1016 198 1056 iam
243 1016 378 1069 ipsam
427 1015 606 1056 salutem
653 1030 852 1057 recusans
900 1019 1050 1070 sponte
1094 1016 1199 1057 illud
1244 1031 1453 1057 uenenum

114 1074 321 1116 rosarium
348 1089 513 1116 sumere
540 1075 784 1129 gestiebam.
817 1075 889 1116 sed
916 1075 1015 1116 dum
1036 1077 1283 1116 cunctanter
1308 1075 1457 1116 accedo

116 1134 348 1187 decerpere,
380 1134 545 1174 iuuenis
573 1134 758 1187 quidam,
784 1137 832 1174 ut
851 1134 1067 1188 Quidem>
1086 1134 1192 1175 mihi
1218 1134 1454 1187 uidebatur,

114 1192 384 1246 hortulanus,
429 1192 547 1233 cuius
592 1193 732 1233 omnia
775 1207 949 1246 prorsus
988 1193 1135 1234 holera
1178 1196 1457 1246 uastaueram,

115 1254 234 1293 tanto
268 1251 419 1292 damno
453 1252 623 1306 cognito
657 1266 752 1292 cum
784 1252 933 1306 grandi
965 1252 1115 1293 baculo
1141 1252 1287 1293 furens
1313 1252 1456 1293 decur-

115 1311 172 1351 rit
210 1311 514 1364 adreptumque
558 1325 624 1351 me
663 1313 801 1351 totum
845 1310 982 1366 plagis
1027 1311 1226 1352 obtundit
1269 1311 1457 1365 adusque

115 1369 227 1410 uitae
260 1369 394 1423 ipsius
425 1369 672 1423 periculum,
704 1369 787 1410 nisi
819 1370 989 1411 tandem
1022 1370 1234 1424 sapienter
1269 1369 1457 1424 alioquin

114 1429 203 1482 ipse
235 1427 341 1468 mihi
373 1427 566 1469 tulissem
599 1428 816 1469 auxilium.
879 1444 976 1469 nam
1007 1429 1163 1470 lumbis
1203 1429 1379 1470 eleuatis
1413 1430 1455 1469 in

115 1487 265 1541 altum,
306 1486 460 1541 pedum
497 1487 806 1541 posterioribus
845 1488 1028 1529 calcibus
1067 1488 1234 1529 iactatis
1277 1489 1319 1528 in
1361 1503 1455 1529 eum

115 1546 333 1600 crebriter,
377 1546 461 1586 iam
499 1546 684 1587 mulcato
724 1546 913 1602 grauiter
945 1550 1072 1601 atque
1105 1548 1278 1601 iacente,
1311 1550 1458 1589 eontra

81 1605 301 1659 zprocliue
345 1605 502 1646 montis
547 1605 702 1660 attigui
746 1605 848 1660 fuga
887 1621 953 1647 me
990 1606 1180 1647 liberaui.
1244 1607 1315 1647 sed
1360 1606 1456 1648 ilico

211 1760 228 1789 1
264 1758 396 1790 euento
430 1757 476 1790 Fl
596 1757 746 1792 hercule
777 1757 804 1790 F
926 1762 945 1790 2
978 1757 1053 1791 iam
1078 1759 1208 1801 scripsi
1240 1758 1354 1792 etiam
1379 1760 1457 1793 cdd.

115 1808 135 1837 3
162 1803 277 1837 nimio
304 1803 517 1838 uelocitatis
540 1804 615 1838 Pet.
638 1805 763 1839 Rohde
794 1804 909 1838 nimio
930 1804 1126 1839 uelocitati
1145 1805 1227 1849 F¹q>
1254 1816 1336 1839 mea
1357 1805 1456 1840 uelo-

114 1874 229 1908 citate
256 1876 277 1908 δ
375 1874 546 1908 effectum
571 1874 696 1909 Rohde
721 1876 783 1910 sed
807 1878 853 1919 cf.
884 1880 912 1910 1.
929 1880 948 1909 5
1034 1880 1055 1909 4
1081 1875 1228 1910 fortune
1254 1862 1312 1911 mg
1339 1876 1454 1910 sceui-

113 1922 231 1956 tatem
256 1921 284 1955 F
316 1921 462 1956 fortune
488 1932 547 1956 me
573 1921 757 1957 saeuitate
783 1936 811 1966 φ
909 1928 929 1957 5
955 1922 1052 1957 ullas
1077 1924 1207 1967 scripsi
1232 1925 1276 1966 cf.
1301 1928 1454 1966 136.10;

116 1973 192 2003 147.
209 1972 254 2002 24
297 1967 382 2002 illas
408 1970 485 2004 cdd.
586 1973 603 2002 7
630 1968 750 2004 felicis
778 1970 867 2005 Koz.
907 1970 1034 2005 felices
1060 1970 1124 2014 Fcp
1138 1969 1177 2004 E.
1216 1970 1343 2005 felices
1370 1974 1407 2005 et-
1434 1972 1456 2004 ὃ

114 2026 156 2050 ac
183 2015 295 2060 φδΕ.
341 2017 381 2050 at
405 2016 466 2060 Fg
564 2020 583 2049 9
616 2018 760 2060 septam
794 2017 821 2050 F
921 2021 963 2051 10
990 2017 1094 2052 odori
1121 2019 1174 2062 ὃς
1216 2017 1361 2052 inodori
1388 2018 1454 2059 qu

115 2067 155 2097 11
189 2062 402 2107 punicantis
434 2062 480 2096 F¹
524 2062 721 2107 fraglantis
752 2064 818 2107 Fq)
851 2066 896 2108 cf.
925 2068 1039 2099 5316
1072 2066 1146 2108 (secl
1170 2065 1211 2098 in
1242 2078 1269 2109 φ
1296 2077 1384 2100 corr.
1411 2076 1456 2099 ea:

113 2109 320 2154 flagrantis)
419 2113 532 2144 11.12
568 2111 678 2145 uerba
703 2110 902 2156 fraglantis
940 2111 1092 2146 minime
1131 2113 1339 2156 transposui
1371 2116 1455 2156 post

112 2156 341 2201 punicantis;
368 2156 541 2201 equidem
566 2157 764 2201 fraglantis
791 2159 868 2193 cdd.
955 2163 997 2193 14
1023 2160 1061 2193 et
1085 2158 1161 2193 iam
1185 2160 1315 2203 scripsi
1339 2158 1454 2192 etiam

112 2205 222 2249 uulgo
321 2207 361 2237 17
396 2203 549 2248 quidam
575 2203 674 2246 qua
717 2205 869 2249 quidem
893 2205 933 2240 E.
1007 2206 1216 2252 (quidem)
1242 2206 1381 2240 inserui
1405 2206 1450 2247 cf.

115 2254 191 2285 134.
207 2255 227 2285 6
321 2251 478 2294 iuuenis,
505 2253 547 2285 ut
572 2250 722 2294 quidem
746 2252 839 2286 mihi
865 2253 1076 2290 uidebatur,
1103 2252 1321 2287 hortulanus
1351 2253 1454 2287 Koch

114 2324 157 2354 ‘20
184 2306 377 2365 abrept3q3
404 2321 467 2365 an
567 2326 609 2355 24
636 2322 817 2357 iacentem
844 2323 957 2366 F1qc-‹3‘
