1591 2556
178 92 232 132 74
733 89 861 123 LIBRI
887 88 954 122 11ss
1570 0 1591 165 ι

174 190 335 229 ceteros
368 186 597 228 antistabat
638 186 730 227 ‘nos
764 184 949 239 quidem’
981 184 1120 238 inquit
1152 182 1340 224 ‘Milonis
1372 181 1514 237 Hypa-

175 246 254 287 tini
299 246 470 287 domum
510 245 678 287 fortiter
724 243 1074 298 expugnauimus.
1145 245 1313 297 praeter
1351 244 1514 283 tantam

173 306 368 346 fortunae
401 304 578 359 copiam,
610 318 736 358 quam
768 306 915 344 nostra
944 303 1104 343 uirtute
1137 301 1250 343 nacti
1282 315 1442 354 sumus,
1473 303 1515 342 et

173 364 376 406 incolumi
407 378 582 404 numeio
615 365 753 404 castra
783 364 929 402 nostra
959 361 1189 415 petiuimus
1223 363 1265 402 et
1296 359 1442 419 siquid
1462 359 1514 417 ad
1574 362 1580 369 '

174 438 261 464 rem
293 423 407 477 facit,
439 425 533 464 octo
566 421 745 475 pedibus
777 421 985 462 auctiores
1017 420 1310 461 remeauimus.
1360 421 1405 460 at
1436 415 1513 460 uos
1552 415 1577 462 5¹

175 482 247 536 qui
277 456 476 523 Boeotias
508 480 634 521 urbes
667 479 908 533 adpetistis,
939 479 1031 532 ipso
1064 478 1167 520 duce
1199 481 1342 520 uestro
1373 477 1513 519 fortis-

173 541 281 582 simo
312 539 524 581 Lamacho
558 538 763 580 deminuti
797 537 976 579 debilem
1014 552 1236 579 numerum
1274 536 1515 590 reduxistis,

174 600 293 641 cuius
337 599 517 640 salutem
561 598 712 638 merito
759 596 934 638 sarcinis
985 596 1078 637 istis
1129 611 1233 650 quas
1283 595 1515 637 aduexistis

174 658 371 699 omnibus
403 656 684 699 antetulerim.
735 656 808 697 sed
839 655 959 696 illum
994 655 1162 709 quidem
1194 658 1423 708 utcumque
1455 654 1515 695 ni-

175 717 258 758 mia
289 717 427 758 uirtus
459 731 535 758 sua
565 716 756 770 peremit.
813 714 923 755 inter
954 714 1124 755 inclitos
1156 727 1276 769 reges
1309 728 1356 754 ac
1388 713 1514 755 duces
1534 730 1567 756 ιο

174 776 431 830 proeliorum
464 775 572 816 tanti
604 775 686 815 uiri
712 774 915 815 memoria
941 772 1232 814 celebrabitur.
1283 772 1396 814 enim
1419 786 1514 814 uero

174 850 251 876 uos
283 835 418 876 bonae
448 834 562 889 frugi
594 833 780 874 latrones
820 833 930 874 inter
961 832 1075 873 furta
1112 846 1244 886 parua
1276 834 1402 886 atque
1434 845 1515 872 ser-

174 894 277 935 uilia
308 893 503 934 timidule
535 908 610 947 per
641 892 812 933 balneas
845 894 886 932 et
919 891 1049 932 aniles
1090 891 1262 932 cellulas
1300 893 1515 944 reptantes

175 953 425 994 scrutariam
457 951 625 993 facitis.'

263 1010 401 1053 VIIII.
466 1010 653 1064 Suscipit
697 1025 805 1051 unus
850 1025 901 1050 ex
945 1009 1017 1050 illo
1062 1009 1295 1062 posteriore
1340 1022 1514 1049 numero
1537 1023 1567 1050 15

175 1071 292 1112 ‘tune
331 1070 446 1111 solus
484 1070 655 1124 ignoras
693 1069 820 1123 longe
862 1068 1072 1109 faciliores
1105 1068 1157 1108 ad
1189 1067 1515 1122 expugnandum
1589 1073 1591 1077 '

175 1130 325 1171 domus
358 1144 448 1170 esse
480 1128 689 1169 maiores?
735 1128 891 1182 quippe
924 1127 1048 1181 quod,
1073 1126 1173 1168 licet
1204 1141 1428 1168 numerosa
1458 1125 1515 1166 fa-

175 1188 293 1229 milia
329 1187 427 1229 latis
467 1188 712 1229 deuersetur
750 1186 940 1239 aedibus,
984 1189 1126 1227 tamen
1165 1185 1344 1240 quisque
1381 1184 1516 1239 magis
1555 1193 1559 1196 “

176 1262 276 1288 suae
309 1247 437 1288 saluti
470 1261 596 1301 quam
623 1246 783 1287 domini
810 1244 1003 1286 consulat
1030 1244 1192 1298 opibus.
1236 1244 1351 1299 frugi
1377 1247 1517 1285 autem
1584 1243 1589 1250 '

175 1309 216 1347 et
249 1306 429 1348 solitarii
468 1305 662 1347 homines
702 1305 918 1346 fortunam
949 1319 1136 1358 paruam,
1168 1303 1237 1344 uel
1269 1305 1380 1345 certe
1412 1302 1515 1344 satis
1535 1319 1568 1345 20

176 1365 378 1419 amplam,
410 1364 726 1406 dissimulanter
764 1364 976 1405 obtectam
1020 1365 1252 1417 protegunt
1294 1362 1432 1403 acrius
1475 1364 1518 1403 et

176 1425 397 1479 sanguinis
424 1424 490 1465 sui
516 1423 703 1477 periculo
729 1422 937 1463 muniunt.
976 1436 1042 1462 res
1068 1422 1161 1475 ipsa
1186 1421 1366 1475 denique
1391 1420 1518 1461 fidem

177 1484 361 1524 sermoni
392 1498 486 1524 meo
519 1482 646 1523 dabit.
710 1482 782 1522 uix
822 1481 933 1522 enim
965 1480 1132 1521 Thebas
1169 1479 1423 1534 heptapylos
1455 1494 1518 1520 ac-

178 1542 394 1596 cessimus,
426 1541 539 1595 quod
571 1544 635 1582 est
666 1541 765 1581 huic
799 1540 854 1594 [p.
880 1540 946 1581 62.
972 1539 1041 1594 E]
1081 1538 1328 1593 disciplinae
1365 1538 1517 1592 prima-

177 1601 285 1642 rium
306 1601 506 1654 studium,
527 1599 671 1641 sedulo
692 1600 884 1640 fortunas
904 1598 1221 1652 inquirebamus
1241 1597 1517 1652 popularium.
1538 1613 1571 1640 25

176 1675 251 1701 nee
278 1674 355 1700 nos
381 1659 560 1713 denique
586 1658 712 1700 latuit
739 1658 970 1712 Chryseros
1001 1657 1171 1711 quidam
1197 1656 1519 1710 nummularius,

177 1719 370 1772 copiosae
411 1718 612 1773 pecuniae
658 1718 870 1771 dominus,
915 1716 987 1771 qui
1030 1719 1146 1757 metu
1191 1715 1428 1757 officiorum
1472 1730 1519 1757 ac

176 1792 400 1819 munerum
438 1777 705 1831 publicorum
744 1776 911 1831 magnis
950 1775 1111 1816 artibus
1156 1788 1354 1830 magnam
1398 1774 1518 1815 dissi-

177 1836 367 1878 mulabat
399 1836 669 1891 opulentiam.
721 1836 900 1889 denique
928 1834 1041 1875 solus
1069 1849 1115 1875 ac
1141 1833 1356 1874 solitarius
1387 1847 1519 1888 parua

178 1897 252 1936 sed
281 1896 383 1936 satis
416 1895 581 1936 munita
608 1894 861 1936 domuncula
893 1895 1135 1947 contentus,
1172 1907 1386 1946 pannosus
1419 1891 1517 1933 alio·
1538 1908 1591 1933 30-

272 2086 294 2115 4
320 2067 643 2115 incoluminu¹¹¹ero
678 2081 705 2114 F
750 2080 952 2115 incolumes
988 2092 1023 2114 n.
1056 2093 1082 2123 φ
1202 2077 1403 2122 petiuimus
1439 2078 1518 2112 cdd.

179 2128 420 2173 repetiuimus
448 2128 574 2162 Heius
669 2132 687 2162 7
713 2127 895 2162 Lamatho
922 2127 986 2171 Ftp
1016 2125 1218 2161 Lamatheo
1244 2126 1267 2159 ὃ
1353 2129 1393 2158 11
1422 2123 1520 2159 enim

179 2187 266 2211 uero
292 2175 413 2219 Luetj.
453 2174 552 2209 enim
584 2176 661 2209 cdd.
762 2178 803 2208 12
828 2174 896 2208 bos
928 2140 986 2207 an
1052 2177 1095 2207 23
1120 2172 1236 2207 theba
1261 2173 1393 2216 septap
1395 2171 1465 2206 ilos
1491 2184 1519 2215 φ

179 2226 208 2265 (s
230 2235 288 2267 pn
310 2223 392 2257 add
420 2226 452 2256 et
477 2224 492 2256 t
517 2222 697 2266 erpmzrit
721 2234 764 2255 m
787 2224 868 2265 rec.)
945 2225 988 2255 25
1015 2219 1158 2266 sedulo]
1185 2219 1251 2254 sed
1277 2219 1365 2253 dum
1391 2218 1519 2253 sedulo

180 2271 309 2314 Ftpdg
357 2268 593 2314 popularium
617 2269 746 2313 scripsi
794 2268 989 2313 populari*
1015 2267 1041 2301 F
1090 2265 1300 2311 popularim
1327 2279 1355 2309 φ
1404 2276 1521 2310 popu-

179 2317 269 2351 laris
294 2316 324 2350 E
422 2319 466 2350 30
498 2327 536 2350 se
562 2316 628 2359 an
