<?xml version="1.0" encoding="UTF-8"?>
<!DOCTYPE html PUBLIC "-//W3C//DTD XHTML 1.0 Transitional//EN"
    "http://www.w3.org/TR/xhtml1/DTD/xhtml1-transitional.dtd">
<html xmlns="http://www.w3.org/1999/xhtml" xml:lang="en" lang="en">
 <head>
  <title>
</title>
<meta http-equiv="Content-Type" content="text/html;charset=utf-8" />
  <meta name='ocr-system' content='tesseract 3.04.00' />
  <meta name='ocr-capabilities' content='ocr_page ocr_carea ocr_par ocr_line ocrx_word'/>
</head>
<body>
  <div class='ocr_page' id='page_1' title='image "./metamorphoseonli00apuluoft/metamorphoseonli00apuluoft_0101.png"; bbox 0 0 1591 2556; ppageno 0'>
   <div class='ocr_carea' id='block_1_1' title="bbox 0 0 96 2556">
    <p class='ocr_par' dir='ltr' id='par_1_1' title="bbox 0 0 96 2556">
     <span class='ocr_line' id='line_1_1' title="bbox 0 0 96 2556; baseline 0 0"><span class='ocrx_word' id='word_1_1' title='bbox 0 0 96 2556; x_wconf 95' lang='lat' dir='ltr'> </span> 
     </span>
    </p>
   </div>
   <div class='ocr_carea' id='block_1_2' title="bbox 543 106 1434 157">
    <p class='ocr_par' dir='ltr' id='par_1_2' title="bbox 543 106 1434 157">
     <span class='ocr_line' id='line_1_2' title="bbox 543 106 1434 157; baseline -0.001 -16"><span class='ocrx_word' id='word_1_2' title='bbox 543 106 644 143; x_wconf 81' lang='lat' dir='ltr'>cAP.</span> <span class='ocrx_word' id='word_1_3' title='bbox 670 106 991 157; x_wconf 18' lang='lat' dir='ltr'>min-‘xxvii</span> <span class='ocrx_word' id='word_1_4' title='bbox 1378 106 1434 146; x_wconf 75' lang='lat'>65</span> 
     </span>
    </p>
   </div>
   <div class='ocr_carea' id='block_1_3' title="bbox 45 202 1444 2028">
    <p class='ocr_par' dir='ltr' id='par_1_3' title="bbox 45 202 1444 2028">
     <span class='ocr_line' id='line_1_3' title="bbox 94 202 1434 259; baseline -0.002 -12"><span class='ocrx_word' id='word_1_5' title='bbox 94 206 185 259; x_wconf 90' lang='lat' dir='ltr'>ipse</span> <span class='ocrx_word' id='word_1_6' title='bbox 208 203 438 246; x_wconf 87' lang='lat' dir='ltr'>deliberaui</span> <span class='ocrx_word' id='word_1_7' title='bbox 456 218 509 245; x_wconf 86' lang='lat' dir='ltr'>an</span> <span class='ocrx_word' id='word_1_8' title='bbox 533 203 838 257; x_wconf 81' lang='lat' dir='ltr'>nequissimam</span> <span class='ocrx_word' id='word_1_9' title='bbox 863 202 1348 258; x_wconf 80' lang='lat' dir='ltr'>facinerosissimamque</span> <span class='ocrx_word' id='word_1_10' title='bbox 1377 203 1434 244; x_wconf 88' lang='lat' dir='ltr'>fe-</span> 
     </span>
     <span class='ocr_line' id='line_1_4' title="bbox 95 261 1436 316; baseline -0.002 -11"><span class='ocrx_word' id='word_1_11' title='bbox 95 264 253 305; x_wconf 90' lang='lat' dir='ltr'>minam</span> <span class='ocrx_word' id='word_1_12' title='bbox 293 263 410 304; x_wconf 92' lang='lat' dir='ltr'>illam</span> <span class='ocrx_word' id='word_1_13' title='bbox 448 262 596 316; x_wconf 87' lang='lat' dir='ltr'>spissis</span> <span class='ocrx_word' id='word_1_14' title='bbox 634 261 820 303; x_wconf 79' lang='lat' dir='ltr'>calcibus</span> <span class='ocrx_word' id='word_1_15' title='bbox 850 261 1006 302; x_wconf 85' lang='lat' dir='ltr'>feriens</span> <span class='ocrx_word' id='word_1_16' title='bbox 1045 264 1087 302; x_wconf 93' lang='lat' dir='ltr'>et</span> <span class='ocrx_word' id='word_1_17' title='bbox 1117 262 1329 304; x_wconf 89' lang='lat' dir='ltr'>mordicus</span> <span class='ocrx_word' id='word_1_18' title='bbox 1368 262 1436 303; x_wconf 87' lang='lat' dir='ltr'>ad·</span> 
     </span>
     <span class='ocr_line' id='line_1_5' title="bbox 95 320 1437 377; baseline -0.002 -13"><span class='ocrx_word' id='word_1_19' title='bbox 95 326 243 377; x_wconf 89' lang='lat' dir='ltr'>petens</span> <span class='ocrx_word' id='word_1_20' title='bbox 263 337 410 364; x_wconf 85' lang='lat' dir='ltr'>necare</span> <span class='ocrx_word' id='word_1_21' title='bbox 431 321 636 362; x_wconf 88' lang='lat' dir='ltr'>deberem.</span> <span class='ocrx_word' id='word_1_22' title='bbox 669 320 743 362; x_wconf 89' lang='lat' dir='ltr'>sed</span> <span class='ocrx_word' id='word_1_23' title='bbox 762 321 814 361; x_wconf 89' lang='lat' dir='ltr'>ab</span> <span class='ocrx_word' id='word_1_24' title='bbox 840 321 1009 374; x_wconf 86' lang='lat' dir='ltr'>incepto</span> <span class='ocrx_word' id='word_1_25' title='bbox 1035 321 1259 362; x_wconf 87' lang='lat' dir='ltr'>temerario</span> <span class='ocrx_word' id='word_1_26' title='bbox 1286 321 1437 363; x_wconf 89' lang='lat' dir='ltr'>melior</span> 
     </span>
     <span class='ocr_line' id='line_1_6' title="bbox 96 378 1435 435; baseline -0.001 -12"><span class='ocrx_word' id='word_1_27' title='bbox 96 397 162 423; x_wconf 92' lang='lat' dir='ltr'>me</span> <span class='ocrx_word' id='word_1_28' title='bbox 194 381 404 423; x_wconf 87' lang='lat' dir='ltr'>sententia</span> <span class='ocrx_word' id='word_1_29' title='bbox 434 380 663 435; x_wconf 78' lang='lat' dir='ltr'>reuocauit,</span> <span class='ocrx_word' id='word_1_30' title='bbox 694 394 747 421; x_wconf 92' lang='lat' dir='ltr'>ne</span> <span class='ocrx_word' id='word_1_31' title='bbox 772 382 909 420; x_wconf 89' lang='lat' dir='ltr'>morte</span> <span class='ocrx_word' id='word_1_32' title='bbox 934 378 1116 420; x_wconf 88' lang='lat' dir='ltr'>multata</span> <span class='ocrx_word' id='word_1_33' title='bbox 1140 378 1290 421; x_wconf 86' lang='lat' dir='ltr'>Fotide</span> <span class='ocrx_word' id='word_1_34' title='bbox 1326 380 1435 421; x_wconf 89' lang='lat' dir='ltr'>salu-</span> 
     </span>
     <span class='ocr_line' id='line_1_7' title="bbox 95 438 1437 494; baseline -0.001 -13"><span class='ocrx_word' id='word_1_35' title='bbox 95 444 207 482; x_wconf 89' lang='lat' dir='ltr'>tares</span> <span class='ocrx_word' id='word_1_36' title='bbox 226 439 332 481; x_wconf 90' lang='lat' dir='ltr'>mihi</span> <span class='ocrx_word' id='word_1_37' title='bbox 352 439 568 494; x_wconf 76' lang='lat' dir='ltr'>suppetias</span> <span class='ocrx_word' id='word_1_38' title='bbox 579 452 756 492; x_wconf 78' lang='lat' dir='ltr'>prorsus</span> <span class='ocrx_word' id='word_1_39' title='bbox 776 439 1079 493; x_wconf 72' lang='lat' dir='ltr'>extinguerem.</span> <span class='ocrx_word' id='word_1_40' title='bbox 1113 438 1274 479; x_wconf 85' lang='lat' dir='ltr'>deiecto</span> <span class='ocrx_word' id='word_1_41' title='bbox 1294 439 1437 493; x_wconf 84' lang='lat' dir='ltr'>itaque</span> 
     </span>
     <span class='ocr_line' id='line_1_8' title="bbox 97 496 1438 553; baseline -0.001 -13"><span class='ocrx_word' id='word_1_42' title='bbox 97 502 138 540; x_wconf 89' lang='lat' dir='ltr'>et</span> <span class='ocrx_word' id='word_1_43' title='bbox 169 498 387 553; x_wconf 74' lang='lat' dir='ltr'>quassanti</span> <span class='ocrx_word' id='word_1_44' title='bbox 418 498 554 552; x_wconf 87' lang='lat' dir='ltr'>capite</span> <span class='ocrx_word' id='word_1_45' title='bbox 587 513 634 540; x_wconf 90' lang='grc'>36</span> <span class='ocrx_word' id='word_1_46' title='bbox 667 498 908 539; x_wconf 84' lang='lat' dir='ltr'>demussata</span> <span class='ocrx_word' id='word_1_47' title='bbox 932 496 1157 552; x_wconf 88' lang='lat' dir='ltr'>temporali</span> <span class='ocrx_word' id='word_1_48' title='bbox 1183 498 1438 539; x_wconf 87' lang='lat' dir='ltr'>contumelia</span> 
     </span>
     <span class='ocr_line' id='line_1_9' title="bbox 97 556 1437 611; baseline -0.001 -12"><span class='ocrx_word' id='word_1_49' title='bbox 97 558 322 599; x_wconf 90' lang='lat' dir='ltr'>durissimo</span> <span class='ocrx_word' id='word_1_50' title='bbox 355 558 470 599; x_wconf 87' lang='lat' dir='ltr'>casui</span> <span class='ocrx_word' id='word_1_51' title='bbox 495 572 588 599; x_wconf 90' lang='lat' dir='ltr'>meo</span> <span class='ocrx_word' id='word_1_52' title='bbox 616 557 801 598; x_wconf 84' lang='lat' dir='ltr'>serviens</span> <span class='ocrx_word' id='word_1_53' title='bbox 828 557 880 597; x_wconf 86' lang='lat' dir='ltr'>ad</span> <span class='ocrx_word' id='word_1_54' title='bbox 900 571 1055 611; x_wconf 92' lang='lat' dir='ltr'>equum</span> <span class='ocrx_word' id='word_1_55' title='bbox 1082 556 1203 597; x_wconf 91' lang='lat' dir='ltr'>illum</span> <span class='ocrx_word' id='word_1_56' title='bbox 1223 559 1437 598; x_wconf 89' lang='lat' dir='ltr'>uectorem</span> 
     </span>
     <span class='ocr_line' id='line_1_10' title="bbox 96 615 1438 671; baseline -0.001 -13"><span class='ocrx_word' id='word_1_57' title='bbox 96 632 237 658; x_wconf 92' lang='lat' dir='ltr'>meum</span> <span class='ocrx_word' id='word_1_58' title='bbox 268 617 430 671; x_wconf 84' lang='lat' dir='ltr'>probis·</span> <span class='ocrx_word' id='word_1_59' title='bbox 463 617 520 671; x_wconf 91' lang='lat' dir='ltr'>[p.</span> <span class='ocrx_word' id='word_1_60' title='bbox 541 615 609 657; x_wconf 81' lang='lat'>54.</span> <span class='ocrx_word' id='word_1_61' title='bbox 629 616 698 671; x_wconf 87' lang='lat' dir='ltr'>E.]</span> <span class='ocrx_word' id='word_1_62' title='bbox 732 616 887 657; x_wconf 88' lang='lat' dir='ltr'>simum</span> <span class='ocrx_word' id='word_1_63' title='bbox 919 616 964 657; x_wconf 91' lang='lat' dir='ltr'>in</span> <span class='ocrx_word' id='word_1_64' title='bbox 996 615 1211 656; x_wconf 87' lang='lat' dir='ltr'>stabulum</span> <span class='ocrx_word' id='word_1_65' title='bbox 1243 616 1438 669; x_wconf 83' lang='lat' dir='ltr'>concedo,</span> 
     </span>
     <span class='ocr_line' id='line_1_11' title="bbox 95 674 1437 729; baseline -0.001 -12"><span class='ocrx_word' id='word_1_66' title='bbox 95 676 168 717; x_wconf 91' lang='lat' dir='ltr'>ubi</span> <span class='ocrx_word' id='word_1_67' title='bbox 200 676 331 717; x_wconf 89' lang='lat' dir='ltr'>alium</span> <span class='ocrx_word' id='word_1_68' title='bbox 362 676 489 717; x_wconf 87' lang='lat' dir='ltr'>etiam</span> <span class='ocrx_word' id='word_1_69' title='bbox 514 674 687 716; x_wconf 86' lang='lat' dir='ltr'>Milonis</span> <span class='ocrx_word' id='word_1_70' title='bbox 714 675 926 729; x_wconf 90' lang='lat' dir='ltr'>quondam</span> <span class='ocrx_word' id='word_1_71' title='bbox 952 674 1135 729; x_wconf 87' lang='lat' dir='ltr'>hospitis</span> <span class='ocrx_word' id='word_1_72' title='bbox 1160 674 1244 716; x_wconf 90' lang='lat' dir='ltr'>mei</span> <span class='ocrx_word' id='word_1_73' title='bbox 1271 675 1437 716; x_wconf 87' lang='lat' dir='ltr'>asinum</span> 
     </span>
     <span class='ocr_line' id='line_1_12' title="bbox 96 734 1438 790; baseline -0.001 -14"><span class='ocrx_word' id='word_1_74' title='bbox 96 735 380 776; x_wconf 88' lang='lat' dir='ltr'>stabulantem</span> <span class='ocrx_word' id='word_1_75' title='bbox 412 734 567 776; x_wconf 87' lang='lat' dir='ltr'>inueni.</span> <span class='ocrx_word' id='word_1_76' title='bbox 626 737 752 789; x_wconf 89' lang='lat' dir='ltr'>atque</span> <span class='ocrx_word' id='word_1_77' title='bbox 785 748 863 790; x_wconf 84' lang='lat' dir='ltr'>ego</span> <span class='ocrx_word' id='word_1_78' title='bbox 895 734 1029 788; x_wconf 80' lang='lat' dir='ltr'>rebar,</span> <span class='ocrx_word' id='word_1_79' title='bbox 1061 734 1097 775; x_wconf 90' lang='lat' dir='ltr'>si</span> <span class='ocrx_word' id='word_1_80' title='bbox 1130 734 1244 788; x_wconf 91' lang='lat' dir='ltr'>quod</span> <span class='ocrx_word' id='word_1_81' title='bbox 1280 734 1438 775; x_wconf 88' lang='lat' dir='ltr'>inesset</span> 
     </span>
     <span class='ocr_line' id='line_1_13' title="bbox 96 792 1439 847; baseline -0.001 -12"><span class='ocrx_word' id='word_1_82' title='bbox 96 794 226 836; x_wconf 90' lang='lat' dir='ltr'>mutis</span> <span class='ocrx_word' id='word_1_83' title='bbox 271 793 523 835; x_wconf 82' lang='lat' dir='ltr'>animalibus</span> <span class='ocrx_word' id='word_1_84' title='bbox 568 794 746 835; x_wconf 90' lang='lat' dir='ltr'>tacitum</span> <span class='ocrx_word' id='word_1_85' title='bbox 790 808 838 834; x_wconf 89' lang='grc'>36</span> <span class='ocrx_word' id='word_1_86' title='bbox 881 792 1072 834; x_wconf 86' lang='lat' dir='ltr'>naturale</span> <span class='ocrx_word' id='word_1_87' title='bbox 1117 796 1439 847; x_wconf 76' lang='lat' dir='ltr'>sacramentum,</span> 
     </span>
     <span class='ocr_line' id='line_1_14' title="bbox 96 852 1441 908; baseline -0.001 -14"><span class='ocrx_word' id='word_1_88' title='bbox 96 853 311 908; x_wconf 80' lang='lat' dir='ltr'>agnitione</span> <span class='ocrx_word' id='word_1_89' title='bbox 339 868 385 894; x_wconf 83' lang='lat' dir='ltr'>ac</span> <span class='ocrx_word' id='word_1_90' title='bbox 404 853 676 894; x_wconf 88' lang='lat' dir='ltr'>miseratione</span> <span class='ocrx_word' id='word_1_91' title='bbox 697 852 877 907; x_wconf 87' lang='lat' dir='ltr'>quadam</span> <span class='ocrx_word' id='word_1_92' title='bbox 903 852 1123 893; x_wconf 89' lang='lat' dir='ltr'>inductum</span> <span class='ocrx_word' id='word_1_93' title='bbox 1145 867 1300 906; x_wconf 91' lang='lat' dir='ltr'>equum</span> <span class='ocrx_word' id='word_1_94' title='bbox 1320 852 1441 893; x_wconf 87' lang='lat' dir='ltr'>illum</span> 
     </span>
     <span class='ocr_line' id='line_1_15' title="bbox 96 911 1442 966; baseline -0.001 -12"><span class='ocrx_word' id='word_1_95' title='bbox 96 927 236 954; x_wconf 90' lang='lat' dir='ltr'>meum</span> <span class='ocrx_word' id='word_1_96' title='bbox 267 912 502 966; x_wconf 88' lang='lat' dir='ltr'>hospitium</span> <span class='ocrx_word' id='word_1_97' title='bbox 534 926 581 952; x_wconf 89' lang='lat' dir='ltr'>ac</span> <span class='ocrx_word' id='word_1_98' title='bbox 612 911 705 953; x_wconf 90' lang='lat' dir='ltr'>loca</span> <span class='ocrx_word' id='word_1_99' title='bbox 729 912 864 953; x_wconf 69' lang='lat' dir='ltr'>lautia</span> <span class='ocrx_word' id='word_1_100' title='bbox 888 911 994 952; x_wconf 88' lang='lat' dir='ltr'>mihi</span> <span class='ocrx_word' id='word_1_101' title='bbox 1019 911 1324 965; x_wconf 86' lang='lat' dir='ltr'>praebiturum.</span> <span class='ocrx_word' id='word_1_102' title='bbox 1370 912 1442 952; x_wconf 85' lang='lat' dir='ltr'>sed</span> 
     </span>
     <span class='ocr_line' id='line_1_16' title="bbox 95 970 1440 1026; baseline -0.001 -14"><span class='ocrx_word' id='word_1_103' title='bbox 95 986 172 1025; x_wconf 92' lang='lat' dir='ltr'>pro</span> <span class='ocrx_word' id='word_1_104' title='bbox 203 970 396 1026; x_wconf 86' lang='lat' dir='ltr'>Iuppiter</span> <span class='ocrx_word' id='word_1_105' title='bbox 426 970 651 1025; x_wconf 87' lang='lat' dir='ltr'>hospitalis</span> <span class='ocrx_word' id='word_1_106' title='bbox 685 973 726 1012; x_wconf 92' lang='lat' dir='ltr'>et</span> <span class='ocrx_word' id='word_1_107' title='bbox 756 970 877 1012; x_wconf 86' lang='lat' dir='ltr'>Fidei</span> <span class='ocrx_word' id='word_1_108' title='bbox 910 973 1071 1012; x_wconf 87' lang='lat' dir='ltr'>secreta</span> <span class='ocrx_word' id='word_1_109' title='bbox 1102 970 1293 1012; x_wconf 80' lang='lat' dir='ltr'>numina!</span> <span class='ocrx_word' id='word_1_110' title='bbox 1325 986 1440 1025; x_wconf 87' lang='lat' dir='ltr'>prae-</span> 
     </span>
     <span class='ocr_line' id='line_1_17' title="bbox 63 1029 1442 1084; baseline -0.001 -13"><span class='ocrx_word' id='word_1_111' title='bbox 63 1048 74 1056; x_wconf 57' lang='lat'><em>*</em></span> <span class='ocrx_word' id='word_1_112' title='bbox 96 1031 234 1071; x_wconf 90' lang='lat' dir='ltr'>clarus</span> <span class='ocrx_word' id='word_1_113' title='bbox 264 1030 337 1072; x_wconf 92' lang='lat' dir='ltr'>ille</span> <span class='ocrx_word' id='word_1_114' title='bbox 368 1033 514 1071; x_wconf 91' lang='lat' dir='ltr'>uector</span> <span class='ocrx_word' id='word_1_115' title='bbox 544 1045 663 1071; x_wconf 90' lang='lat' dir='ltr'>meus</span> <span class='ocrx_word' id='word_1_116' title='bbox 696 1045 791 1071; x_wconf 86' lang='lat' dir='ltr'>eum</span> <span class='ocrx_word' id='word_1_117' title='bbox 823 1030 940 1071; x_wconf 85' lang='lat' dir='ltr'>asino</span> <span class='ocrx_word' id='word_1_118' title='bbox 974 1029 1113 1084; x_wconf 87' lang='lat' dir='ltr'>capita</span> <span class='ocrx_word' id='word_1_119' title='bbox 1145 1029 1368 1071; x_wconf 86' lang='lat' dir='ltr'>conferunt</span> <span class='ocrx_word' id='word_1_120' title='bbox 1399 1030 1442 1070; x_wconf 89' lang='lat' dir='ltr'>in</span> 
     </span>
     <span class='ocr_line' id='line_1_18' title="bbox 96 1089 1442 1144; baseline -0.001 -14"><span class='ocrx_word' id='word_1_121' title='bbox 96 1104 316 1144; x_wconf 90' lang='lat' dir='ltr'>meamque</span> <span class='ocrx_word' id='word_1_122' title='bbox 347 1089 577 1143; x_wconf 89' lang='lat' dir='ltr'>perniciem</span> <span class='ocrx_word' id='word_1_123' title='bbox 609 1089 708 1130; x_wconf 90' lang='lat' dir='ltr'>ilico</span> <span class='ocrx_word' id='word_1_124' title='bbox 741 1089 1012 1130; x_wconf 86' lang='lat' dir='ltr'>consentiunt</span> <span class='ocrx_word' id='word_1_125' title='bbox 1045 1091 1097 1142; x_wconf 87' lang='grc'>61,</span> <span class='ocrx_word' id='word_1_126' title='bbox 1129 1092 1325 1130; x_wconf 91' lang='lat' dir='ltr'>uerentes</span> <span class='ocrx_word' id='word_1_127' title='bbox 1364 1089 1442 1130; x_wconf 87' lang='lat' dir='ltr'>sci-</span> 
     </span>
     <span class='ocr_line' id='line_1_19' title="bbox 96 1148 1443 1202; baseline -0.001 -13"><span class='ocrx_word' id='word_1_128' title='bbox 96 1148 197 1190; x_wconf 88' lang='lat' dir='ltr'>licet</span> <span class='ocrx_word' id='word_1_129' title='bbox 228 1148 398 1189; x_wconf 88' lang='lat' dir='ltr'>cibariis</span> <span class='ocrx_word' id='word_1_130' title='bbox 429 1148 528 1201; x_wconf 83' lang='lat' dir='ltr'>suis,</span> <span class='ocrx_word' id='word_1_131' title='bbox 561 1148 634 1189; x_wconf 82' lang='lat' dir='ltr'>uix</span> <span class='ocrx_word' id='word_1_132' title='bbox 665 1163 732 1189; x_wconf 91' lang='lat' dir='ltr'>me</span> <span class='ocrx_word' id='word_1_133' title='bbox 764 1148 983 1202; x_wconf 87' lang='lat' dir='ltr'>praesepio</span> <span class='ocrx_word' id='word_1_134' title='bbox 1020 1148 1163 1189; x_wconf 87' lang='lat' dir='ltr'>uidere</span> <span class='ocrx_word' id='word_1_135' title='bbox 1203 1148 1443 1202; x_wconf 86' lang='lat' dir='ltr'>proximan-</span> 
     </span>
     <span class='ocr_line' id='line_1_20' title="bbox 98 1206 1443 1261; baseline 0 -14"><span class='ocrx_word' id='word_1_136' title='bbox 98 1210 196 1261; x_wconf 80' lang='lat' dir='ltr'>tem,</span> <span class='ocrx_word' id='word_1_137' title='bbox 228 1207 400 1248; x_wconf 88' lang='lat' dir='ltr'>deiectis</span> <span class='ocrx_word' id='word_1_138' title='bbox 432 1207 604 1248; x_wconf 88' lang='lat' dir='ltr'>auribus</span> <span class='ocrx_word' id='word_1_139' title='bbox 637 1207 721 1247; x_wconf 91' lang='lat' dir='ltr'>iam</span> <span class='ocrx_word' id='word_1_140' title='bbox 753 1207 941 1248; x_wconf 85' lang='lat' dir='ltr'>furentes</span> <span class='ocrx_word' id='word_1_141' title='bbox 973 1206 1140 1248; x_wconf 86' lang='lat' dir='ltr'>infestis</span> <span class='ocrx_word' id='word_1_142' title='bbox 1166 1207 1351 1248; x_wconf 87' lang='lat' dir='ltr'>calcibus</span> <span class='ocrx_word' id='word_1_143' title='bbox 1383 1208 1443 1248; x_wconf 88' lang='lat' dir='ltr'>in-</span> 
     </span>
     <span class='ocr_line' id='line_1_21' title="bbox 98 1265 1443 1320; baseline -0.001 -13"><span class='ocrx_word' id='word_1_144' title='bbox 98 1268 316 1320; x_wconf 79' lang='lat' dir='ltr'>secuntur,</span> <span class='ocrx_word' id='word_1_145' title='bbox 367 1269 408 1307; x_wconf 89' lang='lat' dir='ltr'>et</span> <span class='ocrx_word' id='word_1_146' title='bbox 459 1266 607 1320; x_wconf 85' lang='lat' dir='ltr'>abigor</span> <span class='ocrx_word' id='word_1_147' title='bbox 657 1281 783 1320; x_wconf 89' lang='lat' dir='ltr'>quam</span> <span class='ocrx_word' id='word_1_148' title='bbox 832 1265 981 1319; x_wconf 88' lang='lat' dir='ltr'>procul</span> <span class='ocrx_word' id='word_1_149' title='bbox 1030 1265 1081 1306; x_wconf 88' lang='lat' dir='ltr'>ab</span> <span class='ocrx_word' id='word_1_150' title='bbox 1118 1265 1292 1319; x_wconf 76' lang='lat' dir='ltr'>hordeo,</span> <span class='ocrx_word' id='word_1_151' title='bbox 1331 1266 1443 1320; x_wconf 87' lang='lat' dir='ltr'>quod</span> 
     </span>
     <span class='ocr_line' id='line_1_22' title="bbox 45 1324 1443 1379; baseline -0.001 -12"><span class='ocrx_word' id='word_1_152' title='bbox 45 1359 59 1367; x_wconf 72' lang='grc'>.</span> <span class='ocrx_word' id='word_1_153' title='bbox 99 1325 375 1379; x_wconf 88' lang='lat' dir='ltr'>adposueram</span> <span class='ocrx_word' id='word_1_154' title='bbox 416 1325 583 1378; x_wconf 85' lang='lat' dir='ltr'>uesperi</span> <span class='ocrx_word' id='word_1_155' title='bbox 621 1325 726 1366; x_wconf 90' lang='lat' dir='ltr'>meis</span> <span class='ocrx_word' id='word_1_156' title='bbox 764 1325 960 1365; x_wconf 88' lang='lat' dir='ltr'>manibus</span> <span class='ocrx_word' id='word_1_157' title='bbox 999 1324 1063 1365; x_wconf 89' lang='grc'>1111</span> <span class='ocrx_word' id='word_1_158' title='bbox 1101 1325 1345 1379; x_wconf 81' lang='lat' dir='ltr'>gratissimo</span> <span class='ocrx_word' id='word_1_159' title='bbox 1386 1325 1443 1366; x_wconf 80' lang='lat' dir='ltr'>fa-</span> 
     </span>
     <span class='ocr_line' id='line_1_23' title="bbox 98 1382 1442 1438; baseline 0.001 -14"><span class='ocrx_word' id='word_1_160' title='bbox 98 1383 225 1424; x_wconf 91' lang='lat' dir='ltr'>mulo.</span> <span class='ocrx_word' id='word_1_161' title='bbox 282 1382 458 1425; x_wconf 88' lang='lat' dir='ltr'>XXVII.</span> <span class='ocrx_word' id='word_1_162' title='bbox 492 1384 552 1424; x_wconf 88' lang='lat' dir='ltr'>sic</span> <span class='ocrx_word' id='word_1_163' title='bbox 584 1384 773 1425; x_wconf 85' lang='lat' dir='ltr'>adfectus</span> <span class='ocrx_word' id='word_1_164' title='bbox 806 1386 932 1438; x_wconf 89' lang='lat' dir='ltr'>atque</span> <span class='ocrx_word' id='word_1_165' title='bbox 964 1383 1007 1424; x_wconf 89' lang='lat' dir='ltr'>in</span> <span class='ocrx_word' id='word_1_166' title='bbox 1034 1383 1307 1425; x_wconf 88' lang='lat' dir='ltr'>solitudinem</span> <span class='ocrx_word' id='word_1_167' title='bbox 1340 1384 1442 1425; x_wconf 89' lang='lat' dir='ltr'>rele-</span> 
     </span>
     <span class='ocr_line' id='line_1_24' title="bbox 98 1442 1444 1497; baseline 0.001 -14"><span class='ocrx_word' id='word_1_168' title='bbox 98 1445 223 1497; x_wconf 84' lang='lat' dir='ltr'>gatus</span> <span class='ocrx_word' id='word_1_169' title='bbox 255 1442 410 1497; x_wconf 81' lang='lat' dir='ltr'>angulo</span> <span class='ocrx_word' id='word_1_170' title='bbox 444 1443 601 1484; x_wconf 87' lang='lat' dir='ltr'>stabuli</span> <span class='ocrx_word' id='word_1_171' title='bbox 627 1457 926 1484; x_wconf 84' lang='lat' dir='ltr'>concesseram.</span> <span class='ocrx_word' id='word_1_172' title='bbox 977 1442 1161 1496; x_wconf 89' lang='lat' dir='ltr'>dumque</span> <span class='ocrx_word' id='word_1_173' title='bbox 1188 1443 1237 1484; x_wconf 90' lang='lat' dir='ltr'>de</span> <span class='ocrx_word' id='word_1_174' title='bbox 1264 1443 1444 1484; x_wconf 86' lang='lat' dir='ltr'>insolen-</span> 
     </span>
     <span class='ocr_line' id='line_1_25' title="bbox 97 1501 1442 1557; baseline 0.001 -15"><span class='ocrx_word' id='word_1_175' title='bbox 97 1502 157 1542; x_wconf 93' lang='lat' dir='ltr'>tia</span> <span class='ocrx_word' id='word_1_176' title='bbox 183 1501 442 1557; x_wconf 82' lang='lat' dir='ltr'>collegarum</span> <span class='ocrx_word' id='word_1_177' title='bbox 468 1516 658 1542; x_wconf 88' lang='lat' dir='ltr'>meorum</span> <span class='ocrx_word' id='word_1_178' title='bbox 684 1516 849 1543; x_wconf 90' lang='lat' dir='ltr'>mecum</span> <span class='ocrx_word' id='word_1_179' title='bbox 870 1501 1012 1556; x_wconf 79' lang='lat' dir='ltr'>cogito</span> <span class='ocrx_word' id='word_1_180' title='bbox 1039 1504 1165 1555; x_wconf 89' lang='lat' dir='ltr'>atque</span> <span class='ocrx_word' id='word_1_181' title='bbox 1192 1502 1236 1542; x_wconf 90' lang='lat' dir='ltr'>in</span> <span class='ocrx_word' id='word_1_182' title='bbox 1263 1502 1442 1543; x_wconf 88' lang='lat' dir='ltr'>alterum</span> 
     </span>
     <span class='ocr_line' id='line_1_26' title="bbox 100 1560 1441 1615; baseline 0.001 -14"><span class='ocrx_word' id='word_1_183' title='bbox 100 1561 209 1601; x_wconf 88' lang='lat' dir='ltr'>diem</span> <span class='ocrx_word' id='word_1_184' title='bbox 241 1561 400 1602; x_wconf 87' lang='lat' dir='ltr'>auxilio</span> <span class='ocrx_word' id='word_1_185' title='bbox 432 1561 592 1602; x_wconf 85' lang='lat' dir='ltr'>rosario</span> <span class='ocrx_word' id='word_1_186' title='bbox 617 1561 775 1601; x_wconf 90' lang='lat' dir='ltr'>Lucius</span> <span class='ocrx_word' id='word_1_187' title='bbox 809 1561 944 1601; x_wconf 89' lang='lat' dir='ltr'>denuo</span> <span class='ocrx_word' id='word_1_188' title='bbox 971 1560 1141 1602; x_wconf 77' lang='lat' dir='ltr'>futurus</span> <span class='ocrx_word' id='word_1_189' title='bbox 1169 1561 1266 1615; x_wconf 93' lang='lat' dir='ltr'>equi</span> <span class='ocrx_word' id='word_1_190' title='bbox 1292 1562 1441 1615; x_wconf 88' lang='lat' dir='ltr'>perfidi</span> 
     </span>
     <span class='ocr_line' id='line_1_27' title="bbox 46 1619 1443 1674; baseline 0 -14"><span class='ocrx_word' id='word_1_191' title='bbox 46 1653 60 1661; x_wconf 70' lang='lat'><em>„</em></span> <span class='ocrx_word' id='word_1_192' title='bbox 98 1619 330 1661; x_wconf 89' lang='lat' dir='ltr'>uindictam</span> <span class='ocrx_word' id='word_1_193' title='bbox 361 1620 554 1674; x_wconf 81' lang='lat' dir='ltr'>meditor⁷</span> <span class='ocrx_word' id='word_1_194' title='bbox 586 1620 766 1674; x_wconf 86' lang='lat' dir='ltr'>respicio</span> <span class='ocrx_word' id='word_1_195' title='bbox 798 1619 909 1674; x_wconf 87' lang='lat' dir='ltr'>pilae</span> <span class='ocrx_word' id='word_1_196' title='bbox 940 1619 1114 1674; x_wconf 79' lang='lat' dir='ltr'>mediae,</span> <span class='ocrx_word' id='word_1_197' title='bbox 1147 1634 1254 1673; x_wconf 90' lang='lat' dir='ltr'>quae</span> <span class='ocrx_word' id='word_1_198' title='bbox 1287 1620 1443 1661; x_wconf 85' lang='lat' dir='ltr'>stabuli</span> 
     </span>
     <span class='ocr_line' id='line_1_28' title="bbox 96 1678 1444 1733; baseline 0.001 -14"><span class='ocrx_word' id='word_1_199' title='bbox 96 1679 238 1720; x_wconf 88' lang='lat' dir='ltr'>trabes</span> <span class='ocrx_word' id='word_1_200' title='bbox 270 1679 519 1732; x_wconf 80' lang='lat' dir='ltr'>sustinebat,</span> <span class='ocrx_word' id='word_1_201' title='bbox 551 1679 594 1719; x_wconf 88' lang='lat' dir='ltr'>in</span> <span class='ocrx_word' id='word_1_202' title='bbox 627 1679 720 1733; x_wconf 87' lang='lat' dir='ltr'>ipso</span> <span class='ocrx_word' id='word_1_203' title='bbox 752 1679 840 1720; x_wconf 87' lang='lat' dir='ltr'>fere</span> <span class='ocrx_word' id='word_1_204' title='bbox 872 1678 1110 1720; x_wconf 85' lang='lat' dir='ltr'>meditullio</span> <span class='ocrx_word' id='word_1_205' title='bbox 1136 1678 1312 1733; x_wconf 85' lang='lat' dir='ltr'>Eponae</span> <span class='ocrx_word' id='word_1_206' title='bbox 1345 1679 1444 1721; x_wconf 88' lang='lat' dir='ltr'>deae</span> 
     </span>
     <span class='ocr_line' id='line_1_29' title="bbox 96 1737 1441 1792; baseline 0.001 -14"><span class='ocrx_word' id='word_1_207' title='bbox 96 1737 368 1779; x_wconf 89' lang='lat' dir='ltr'>simulacrum</span> <span class='ocrx_word' id='word_1_208' title='bbox 399 1738 588 1779; x_wconf 88' lang='lat' dir='ltr'>residens</span> <span class='ocrx_word' id='word_1_209' title='bbox 627 1738 860 1791; x_wconf 82' lang='lat' dir='ltr'>aediculae,</span> <span class='ocrx_word' id='word_1_210' title='bbox 899 1738 1012 1792; x_wconf 90' lang='lat' dir='ltr'>quod</span> <span class='ocrx_word' id='word_1_211' title='bbox 1044 1741 1238 1779; x_wconf 87' lang='lat' dir='ltr'>accurate</span> <span class='ocrx_word' id='word_1_212' title='bbox 1270 1739 1441 1780; x_wconf 84' lang='lat' dir='ltr'>corollis</span> 
     </span>
     <span class='ocr_line' id='line_1_30' title="bbox 96 1797 1440 1852; baseline 0.001 -15"><span class='ocrx_word' id='word_1_213' title='bbox 96 1797 228 1838; x_wconf 88' lang='lat' dir='ltr'>roseis</span> <span class='ocrx_word' id='word_1_214' title='bbox 260 1801 300 1838; x_wconf 72' lang='lat' dir='ltr'>et</span> <span class='ocrx_word' id='word_1_215' title='bbox 330 1797 500 1851; x_wconf 91' lang='lat' dir='ltr'>quidem</span> <span class='ocrx_word' id='word_1_216' title='bbox 538 1797 778 1838; x_wconf 69' lang='lat' dir='ltr'>recentibus</span> <span class='ocrx_word' id='word_1_217' title='bbox 810 1797 949 1838; x_wconf 85' lang='lat' dir='ltr'>fuerat</span> <span class='ocrx_word' id='word_1_218' title='bbox 987 1799 1194 1838; x_wconf 88' lang='lat' dir='ltr'>ornatum.</span> <span class='ocrx_word' id='word_1_219' title='bbox 1258 1797 1440 1852; x_wconf 89' lang='lat' dir='ltr'>denique</span> 
     </span>
     <span class='ocr_line' id='line_1_31' title="bbox 98 1855 1442 1913; baseline 0.001 -17"><span class='ocrx_word' id='word_1_220' title='bbox 98 1855 270 1913; x_wconf 74' lang='lat' dir='ltr'>adgnito</span> <span class='ocrx_word' id='word_1_221' title='bbox 291 1856 466 1897; x_wconf 88' lang='lat' dir='ltr'>salutari</span> <span class='ocrx_word' id='word_1_222' title='bbox 485 1856 696 1910; x_wconf 83' lang='lat' dir='ltr'>piaesidio</span> <span class='ocrx_word' id='word_1_223' title='bbox 722 1871 881 1911; x_wconf 85' lang='lat' dir='ltr'>pronus</span> <span class='ocrx_word' id='word_1_224' title='bbox 903 1856 1004 1910; x_wconf 84' lang='lat' dir='ltr'>spei,</span> <span class='ocrx_word' id='word_1_225' title='bbox 1026 1858 1231 1910; x_wconf 90' lang='lat' dir='ltr'>quantum</span> <span class='ocrx_word' id='word_1_226' title='bbox 1254 1857 1442 1898; x_wconf 78' lang='lat' dir='ltr'>extensis</span> 
     </span>
     <span class='ocr_line' id='line_1_32' title="bbox 98 1915 1443 1970; baseline 0.001 -15"><span class='ocrx_word' id='word_1_227' title='bbox 98 1915 311 1968; x_wconf 87' lang='lat' dir='ltr'>prioribus</span> <span class='ocrx_word' id='word_1_228' title='bbox 354 1915 533 1969; x_wconf 89' lang='lat' dir='ltr'>pedibus</span> <span class='ocrx_word' id='word_1_229' title='bbox 577 1915 711 1956; x_wconf 86' lang='lat' dir='ltr'>adniti</span> <span class='ocrx_word' id='word_1_230' title='bbox 754 1918 964 1969; x_wconf 82' lang='lat' dir='ltr'>poteram,</span> <span class='ocrx_word' id='word_1_231' title='bbox 1004 1915 1180 1970; x_wconf 77' lang='lat' dir='ltr'>insurgo</span> <span class='ocrx_word' id='word_1_232' title='bbox 1223 1916 1362 1956; x_wconf 88' lang='lat' dir='ltr'>ualide</span> <span class='ocrx_word' id='word_1_233' title='bbox 1401 1920 1443 1957; x_wconf 91' lang='lat' dir='ltr'>et</span> 
     </span>
     <span class='ocr_line' id='line_1_33' title="bbox 99 1974 1443 2028; baseline 0.001 -14"><span class='ocrx_word' id='word_1_234' title='bbox 99 1974 260 2015; x_wconf 84' lang='lat' dir='ltr'>ceruice</span> <span class='ocrx_word' id='word_1_235' title='bbox 303 1974 469 2028; x_wconf 84' lang='lat' dir='ltr'>prolixa</span> <span class='ocrx_word' id='word_1_236' title='bbox 517 1974 782 2028; x_wconf 88' lang='lat' dir='ltr'>nimiumque</span> <span class='ocrx_word' id='word_1_237' title='bbox 831 1974 1037 2028; x_wconf 83' lang='lat' dir='ltr'>porrectis</span> <span class='ocrx_word' id='word_1_238' title='bbox 1087 1974 1233 2028; x_wconf 80' lang='lat' dir='ltr'>labiis,</span> <span class='ocrx_word' id='word_1_239' title='bbox 1284 1978 1443 2028; x_wconf 90' lang='lat' dir='ltr'>quanto</span> 
     </span>
    </p>
   </div>
   <div class='ocr_carea' id='block_1_4' title="bbox 101 2101 1445 2382">
    <p class='ocr_par' dir='ltr' id='par_1_4' title="bbox 101 2101 1445 2382">
     <span class='ocr_line' id='line_1_34' title="bbox 196 2101 1443 2146; baseline 0 -11"><span class='ocrx_word' id='word_1_240' title='bbox 196 2105 212 2135; x_wconf 95' lang='lat'><strong>1</strong></span> <span class='ocrx_word' id='word_1_241' title='bbox 246 2101 672 2146; x_wconf 84' lang='lat' dir='ltr'>facinerosissimamque</span> <span class='ocrx_word' id='word_1_242' title='bbox 704 2102 731 2136; x_wconf 88' lang='lat' dir='ltr'><strong>F</strong></span> <span class='ocrx_word' id='word_1_243' title='bbox 774 2102 1204 2146; x_wconf 85' lang='lat' dir='ltr'>facinorosissimamque</span> <span class='ocrx_word' id='word_1_244' title='bbox 1237 2103 1299 2146; x_wconf 67' lang='grc' dir='ltr'>φᾶ</span> <span class='ocrx_word' id='word_1_245' title='bbox 1338 2105 1390 2146; x_wconf 74' lang='lat' dir='ltr'>(m</span> <span class='ocrx_word' id='word_1_246' title='bbox 1424 2104 1443 2135; x_wconf 73' lang='grc' dir='ltr'><em>ὃ</em></span> 
     </span>
     <span class='ocr_line' id='line_1_35' title="bbox 101 2148 1444 2194; baseline 0.001 -12"><span class='ocrx_word' id='word_1_247' title='bbox 101 2148 216 2183; x_wconf 78' lang='lat' dir='ltr'>altera</span> <span class='ocrx_word' id='word_1_248' title='bbox 241 2160 262 2182; x_wconf 92' lang='grc'>0</span> <span class='ocrx_word' id='word_1_249' title='bbox 294 2160 339 2184; x_wconf 76' lang='lat' dir='ltr'>ex</span> <span class='ocrx_word' id='word_1_250' title='bbox 368 2150 472 2193; x_wconf 70' lang='lat' dir='ltr'>corr.)</span> <span class='ocrx_word' id='word_1_251' title='bbox 506 2149 550 2192; x_wconf 73' lang='lat' dir='ltr'>cf.</span> <span class='ocrx_word' id='word_1_252' title='bbox 578 2152 693 2184; x_wconf 78' lang='lat'>89.28</span> <span class='ocrx_word' id='word_1_253' title='bbox 813 2154 832 2184; x_wconf 87' lang='lat'>5</span> <span class='ocrx_word' id='word_1_254' title='bbox 859 2161 1008 2194; x_wconf 85' lang='lat' dir='ltr'>prorsus</span> <span class='ocrx_word' id='word_1_255' title='bbox 1034 2151 1165 2194; x_wconf 71' lang='lat' dir='ltr'>scripsi</span> <span class='ocrx_word' id='word_1_256' title='bbox 1207 2162 1332 2185; x_wconf 80' lang='lat' dir='ltr'>rursus</span> <span class='ocrx_word' id='word_1_257' title='bbox 1366 2151 1444 2184; x_wconf 77' lang='lat' dir='ltr'>cdd.</span> 
     </span>
     <span class='ocr_line' id='line_1_36' title="bbox 104 2194 1445 2240; baseline 0.001 -12"><span class='ocrx_word' id='word_1_258' title='bbox 104 2198 146 2228; x_wconf 88' lang='lat'>13</span> <span class='ocrx_word' id='word_1_259' title='bbox 184 2194 303 2230; x_wconf 87' lang='lat' dir='ltr'>lautia</span> <span class='ocrx_word' id='word_1_260' title='bbox 339 2197 470 2240; x_wconf 73' lang='lat' dir='ltr'>scripsi</span> <span class='ocrx_word' id='word_1_261' title='bbox 506 2196 551 2239; x_wconf 81' lang='lat' dir='ltr'>cf.</span> <span class='ocrx_word' id='word_1_262' title='bbox 583 2200 723 2231; x_wconf 82' lang='grc'>161.14</span> <span class='ocrx_word' id='word_1_263' title='bbox 760 2198 804 2240; x_wconf 79' lang='lat' dir='ltr'>cf.</span> <span class='ocrx_word' id='word_1_264' title='bbox 832 2198 934 2232; x_wconf 78' lang='lat' dir='ltr'>Neue</span> <span class='ocrx_word' id='word_1_265' title='bbox 959 2196 1003 2232; x_wconf 75' lang='lat'>12.</span> <span class='ocrx_word' id='word_1_266' title='bbox 1036 2200 1122 2240; x_wconf 84' lang='grc'>468,</span> <span class='ocrx_word' id='word_1_267' title='bbox 1169 2197 1258 2232; x_wconf 67' lang='lat' dir='ltr'>Koz.</span> <span class='ocrx_word' id='word_1_268' title='bbox 1293 2197 1362 2231; x_wconf 65' lang='lat' dir='ltr'>Stil</span> <span class='ocrx_word' id='word_1_269' title='bbox 1402 2200 1445 2231; x_wconf 77' lang='lat'>62</span> 
     </span>
     <span class='ocr_line' id='line_1_37' title="bbox 103 2241 1444 2288; baseline 0.001 -14"><span class='ocrx_word' id='word_1_270' title='bbox 103 2241 208 2276; x_wconf 87' lang='lat' dir='ltr'>lauta</span> <span class='ocrx_word' id='word_1_271' title='bbox 239 2244 318 2278; x_wconf 82' lang='lat' dir='ltr'>cdd.</span> <span class='ocrx_word' id='word_1_272' title='bbox 344 2243 384 2278; x_wconf 85' lang='lat' dir='ltr'>E.</span> <span class='ocrx_word' id='word_1_273' title='bbox 423 2243 542 2288; x_wconf 84' lang='lat' dir='ltr'>(lanta</span> <span class='ocrx_word' id='word_1_274' title='bbox 569 2244 604 2287; x_wconf 81' lang='grc' dir='ltr'>ὃ)</span> <span class='ocrx_word' id='word_1_275' title='bbox 727 2247 770 2278; x_wconf 89' lang='grc'>18</span> <span class='ocrx_word' id='word_1_276' title='bbox 801 2244 949 2279; x_wconf 86' lang='lat' dir='ltr'>reiectis</span> <span class='ocrx_word' id='word_1_277' title='bbox 986 2244 1076 2279; x_wconf 74' lang='lat' dir='ltr'>Oud.</span> <span class='ocrx_word' id='word_1_278' title='bbox 1201 2248 1242 2278; x_wconf 87' lang='lat'>19</span> <span class='ocrx_word' id='word_1_279' title='bbox 1280 2244 1390 2278; x_wconf 83' lang='lat' dir='ltr'>ordeo</span> <span class='ocrx_word' id='word_1_280' title='bbox 1417 2243 1444 2277; x_wconf 90' lang='lat' dir='ltr'>F</span> 
     </span>
     <span class='ocr_line' id='line_1_38' title="bbox 105 2289 1444 2336; baseline 0.002 -14"><span class='ocrx_word' id='word_1_281' title='bbox 105 2292 148 2322; x_wconf 84' lang='lat'>25</span> <span class='ocrx_word' id='word_1_282' title='bbox 185 2289 309 2325; x_wconf 86' lang='lat' dir='ltr'>inedie</span> <span class='ocrx_word' id='word_1_283' title='bbox 342 2298 371 2333; x_wconf 83' lang='grc' dir='ltr'><strong><em>φ</em></strong></span> <span class='ocrx_word' id='word_1_284' title='bbox 410 2292 512 2334; x_wconf 70' lang='lat' dir='ltr'>(corr.</span> <span class='ocrx_word' id='word_1_285' title='bbox 540 2292 718 2326; x_wconf 72' lang='grc' dir='ltr'>1η.ἰιαῑάε</span> <span class='ocrx_word' id='word_1_286' title='bbox 747 2293 829 2336; x_wconf 75' lang='lat' dir='ltr'>rec.)</span> <span class='ocrx_word' id='word_1_287' title='bbox 950 2295 994 2325; x_wconf 79' lang='grc'>28</span> <span class='ocrx_word' id='word_1_288' title='bbox 1033 2293 1071 2325; x_wconf 89' lang='grc'>61</span> <span class='ocrx_word' id='word_1_289' title='bbox 1108 2290 1259 2335; x_wconf 86' lang='lat' dir='ltr'>quidem</span> <span class='ocrx_word' id='word_1_290' title='bbox 1301 2291 1444 2326; x_wconf 71' lang='lat' dir='ltr'>Gruter.</span> 
     </span>
     <span class='ocr_line' id='line_1_39' title="bbox 105 2335 1443 2382; baseline 0.001 -13"><span class='ocrx_word' id='word_1_291' title='bbox 105 2335 277 2379; x_wconf 87' lang='lat' dir='ltr'>equidem</span> <span class='ocrx_word' id='word_1_292' title='bbox 290 2338 368 2372; x_wconf 75' lang='lat' dir='ltr'>cdd.</span> <span class='ocrx_word' id='word_1_293' title='bbox 383 2339 427 2380; x_wconf 79' lang='lat' dir='ltr'>ef.</span> <span class='ocrx_word' id='word_1_294' title='bbox 437 2341 521 2372; x_wconf 76' lang='lat'>56.5</span> <span class='ocrx_word' id='word_1_295' title='bbox 583 2341 625 2371; x_wconf 67' lang='lat'>&#39;29</span> <span class='ocrx_word' id='word_1_296' title='bbox 641 2338 796 2382; x_wconf 86' lang='lat' dir='ltr'>adgnito</span> <span class='ocrx_word' id='word_1_297' title='bbox 810 2338 838 2372; x_wconf 87' lang='lat' dir='ltr'><strong>F</strong></span> <span class='ocrx_word' id='word_1_298' title='bbox 901 2342 942 2372; x_wconf 86' lang='lat'>31</span> <span class='ocrx_word' id='word_1_299' title='bbox 956 2338 1067 2372; x_wconf 86' lang='lat' dir='ltr'>labiis</span> <span class='ocrx_word' id='word_1_300' title='bbox 1084 2338 1110 2371; x_wconf 89' lang='lat' dir='ltr'><strong>F</strong></span> <span class='ocrx_word' id='word_1_301' title='bbox 1132 2337 1227 2371; x_wconf 82' lang='lat' dir='ltr'>labis</span> <span class='ocrx_word' id='word_1_302' title='bbox 1242 2338 1281 2371; x_wconf 85' lang='lat' dir='ltr'>E.</span> <span class='ocrx_word' id='word_1_303' title='bbox 1303 2339 1443 2381; x_wconf 76' lang='lat' dir='ltr'>cf.56.1</span> 
     </span>
    </p>
   </div>
   <div class='ocr_carea' id='block_1_5' title="bbox 178 2402 1164 2430">
    <p class='ocr_par' dir='ltr' id='par_1_5' title="bbox 178 2402 1164 2430">
     <span class='ocr_line' id='line_1_40' title="bbox 178 2402 1164 2430; baseline 0.004 -4"><span class='ocrx_word' id='word_1_304' title='bbox 178 2402 302 2427; x_wconf 69' lang='lat' dir='ltr'>prm</span> <span class='ocrx_word' id='word_1_305' title='bbox 324 2410 446 2429; x_wconf 74' lang='lat' dir='ltr'><strong>METAM.</strong></span> <span class='ocrx_word' id='word_1_306' title='bbox 467 2403 511 2428; x_wconf 70' lang='lat' dir='ltr'>ed⁴</span> <span class='ocrx_word' id='word_1_307' title='bbox 535 2403 636 2429; x_wconf 76' lang='lat' dir='ltr'>Vliet</span> <span class='ocrx_word' id='word_1_308' title='bbox 1146 2402 1164 2430; x_wconf 73' lang='grc' dir='ltr'>ἴ)</span> 
     </span>
    </p>
   </div>
  </div>
 </body>
</html>
