1591 2556
133 70 187 112 88
686 70 813 105 LIBRI
842 71 910 105 IIII

134 167 217 221 plis
258 170 300 208 et
343 167 516 208 aedibus
559 167 742 221 publicis
780 167 975 208 uictimas
1014 167 1271 208 immolabat.
1328 167 1477 209 domus

135 228 226 267 tota
268 226 399 267 lauris
444 226 600 280 obsita,
644 226 777 267 taedis
820 226 960 267 lucida
998 226 1293 280 constrepebat
1334 225 1476 280 hyme-

136 299 298 326 naeum.
354 287 455 326 tunc
498 300 565 326 me
610 285 771 340 gremio
811 300 887 326 suo
925 288 1060 326 mater
1103 285 1250 326 infelix
1294 284 1478 326 tolerans

135 344 293 386 inundo
344 343 526 398 nuptiali
576 344 770 385 decenter
813 344 991 385 ornabat
1038 344 1298 398 mellitisque
1347 344 1477 386 sauiis

136 402 340 444 crebriter
377 403 555 458 ingestis
593 403 676 443 iam
714 417 832 456 spem
869 403 1057 444 futuram
1094 403 1326 444 liberorum
1364 403 1478 444 uotis
1517 420 1527 426 -

136 462 273 503 anxiis
293 462 569 517 propagabat,
596 476 691 502 cum
717 462 975 515 inruptionis
1001 462 1167 503 subitae
1194 461 1477 517 gladiatorum

136 522 322 575 impetus
368 521 419 562 ad
459 520 562 562 belli
604 520 754 562 faciem
799 521 1011 575 saeuiens,
1060 521 1184 562 nudis
1228 524 1270 562 et
1314 520 1479 562 infestis

139 580 413 621 mucronibus
452 593 676 621 coruscans
714 594 800 621 non
841 580 975 633 caedi,
1013 594 1096 621 non
1128 580 1298 634 rapinae
1329 594 1480 621 manus

138 639 334 680 adferunt
377 638 450 680 sed
494 638 623 680 denso
669 638 1008 693 conglobatoque
1058 653 1190 681 cuneo
1240 638 1480 681 cubiculum

137 700 331 739 nostrum
363 697 571 738 inuadunt
602 698 808 751 protinus.
870 712 946 739 nec
983 697 1070 738 ullo
1113 698 1163 739 de
1199 697 1480 739 familiaribus

138 757 295 798 nostris
327 759 590 811 repugnante
623 772 670 797 ac
702 772 754 798 ne
785 757 1003 798 tantillum
1036 757 1205 811 quidem
1245 757 1481 810 resistente,

137 816 254 870 (me)
297 816 496 857 miseram
534 816 789 869 exanimem,
821 831 947 857 saeuo
985 830 1143 870 pauore
1184 816 1394 870 trepidam
1431 815 1481 856 de

137 874 276 916 medio
308 875 457 916 matris
491 875 547 929 [p.
566 874 630 915 73
644 874 714 929 Ε.]
747 875 908 930 gremio
941 889 1128 929 rapuere
1185 875 1245 916 sic
1271 875 1323 915 ad
1348 874 1482 916 instar

138 934 298 974 Attidis
330 934 401 975 uel
432 933 658 975 Protesilai
687 934 900 999 -ffispestae
927 934 1271 988 disturbataeque
1296 933 1481 988 nuptiae.

138 991 315 1034 XXVII.
349 993 423 1034 sed
454 1007 548 1034 ecce
581 993 829 1034 saeuissimo
863 993 1027 1034 somnio
1060 992 1167 1034 mihi
1204 1007 1315 1034 nunc
1353 993 1480 1034 etiam

138 1052 464 1106 1·,6(11111;6ἓ·1·31;111’
483 1052 613 1093 11111110
635 1066 735 1093 uero
757 1051 998 1093 cumulatur
1018 1051 1300 1093 infortunium
1319 1066 1481 1093 meum:

138 1126 236 1151 nam
268 1111 361 1152 uisa
393 1125 487 1151 sum
513 1110 620 1151 mihi
646 1111 696 1152 de
723 1111 848 1152 domo
875 1111 924 1152 de
950 1110 1138 1152 thalamo
1166 1111 1239 1165 [de'
1266 1110 1480 1164 cubiculo]

140 1171 189 1211 de
222 1173 315 1211 toro
350 1169 529 1224 denique
560 1170 653 1223 ipso
686 1169 897 1211 uiolenter
923 1172 1112 1211 extracta
1136 1184 1212 1223 per
1230 1169 1482 1211 solitudines
1541 1210 1559 1216 ,,

140 1229 257 1270 auias
289 1228 665 1270 infortunatissimi
696 1228 839 1269 mariti
871 1243 1025 1270 nomen
1063 1229 1260 1270 inuocare
1291 1243 1483 1283 eumque,

140 1291 188 1328 ut
219 1287 404 1342 primum
437 1288 543 1329 meis
581 1287 848 1342 amplexibus
886 1288 1086 1329 uiduatus
1118 1291 1199 1342 est,
1237 1287 1373 1329 adhuc
1409 1302 1483 1328 un-

141 1347 309 1401 guentis
342 1347 570 1400 madidum,
603 1347 770 1388 coronis
801 1347 999 1388 floridum
1031 1361 1098 1388 me
1117 1347 1296 1401 pedibus
1321 1346 1483 1401 fugien-

141 1410 227 1447 tem
266 1406 414 1448 alienis
453 1407 641 1459 consequi
679 1406 859 1459 aestimo.
921 1409 1054 1460 utque
1097 1406 1279 1447 clamore
1322 1405 1484 1459 percito

140 1465 381 1506 formonsae
420 1467 589 1519 raptum
626 1465 772 1506 uxoris
817 1479 1078 1519 conquerens
1118 1464 1266 1519 populi
1304 1467 1485 1506 testatur

142 1524 372 1577 auxilium,
423 1524 595 1577 quidam
646 1524 695 1564 de
744 1523 981 1565 latronibus
1031 1524 1298 1577 importunae
1347 1537 1484 1577 perse-

142 1583 326 1624 cutionis
358 1583 652 1637 indignatione
683 1585 901 1636 permotus
934 1597 1035 1624 saxo
1068 1582 1217 1637 grandi
1254 1596 1332 1637 pro
1369 1582 1482 1636 pedi·
1523 1598 1536 1606 ·
1589 1604 1591 1612 ¹

141 1642 221 1683 bus
265 1643 438 1696 adrepto
482 1641 695 1683 misellum
740 1642 935 1683 iuuenem
972 1642 1174 1683 maritum
1210 1656 1352 1683 meum
1393 1655 1484 1695 per-

143 1716 312 1742 cussum
345 1701 571 1742 interemit.
635 1701 732 1741 talis
765 1704 960 1754 aspectus
999 1701 1222 1742 atrocitate
1259 1700 1485 1755 perterrita

144 1775 291 1801 somno
324 1759 493 1802 funesto
525 1775 684 1814 pauens
716 1774 892 1801 excussa
923 1760 1045 1802 sum.'

240 1904 270 1933 2.
286 1904 317 1963 33
337 1884 511 1934 himeneii
543 1899 606 1944 Fcp
705 1904 724 1933 5
759 1910 861 1943 spem
886 1899 1051 1933 futuram
1076 1899 1174 1933 Prie.
1219 1909 1282 1943 spe
1308 1897 1434 1932 futura
1459 1897 1487 1931 F

145 1955 208 2014 spe
241 1964 345 2004 suti-st
372 1984 398 2014 φ
433 1974 472 2012 (“
498 1971 582 2005 add.
607 1982 652 2004 m.
681 1974 721 2012 ν.)
830 1974 848 2004 7
881 1969 1027 2004 infestis
1059 1970 1206 2004 Wower.
1250 1968 1396 2003 infertis
1422 1968 1486 2020 ng

146 2017 297 2051 incertis
325 2018 347 2050 ὃ
445 2021 464 2051 9
491 2017 788 2061 conglouatoque
815 2017 915 2061 F¹q>¹
1002 2021 1044 2051 12
1070 2017 1182 2063 (me)
1212 2016 1347 2051 inserui
1418 2027 1488 2049 mi-

146 2075 228 2098 sera
254 2064 335 2107 F¹q>
432 2064 619 2109 trepidam
647 2064 736 2099 Oud.
775 2064 923 2108 trepido
949 2064 1007 2098 F&
1045 2063 1405 2108 strepidoq214
1431 2064 1487 2097 at-

145 2111 235 2145 tidis
261 2111 288 2145 F
314 2112 404 2146 Bsoz
450 2110 664 2145 Athracidis
690 2076 862 2146 Bquoalcpl
888 2111 929 2146 E.
972 2111 1072 2157 pidis
1103 2112 1126 2144 ὃ
1168 2109 1276 2154 Atyis
1303 2109 1489 2155 Kiesslinq'

147 2160 248 2203 apud
285 2159 424 2193 111αα53.
459 2159 588 2193 Corum.
626 2159 768 2204 mythzc.
801 2159 884 2193 Incl.
918 2159 962 2193 L.
998 2158 1076 2203 Gry
1072 2159 1133 2202 ph
1162 2158 1384 2203 188678712
1420 2156 1488 2190 XV

148 2205 335 2250 dispestae
355 2206 597 2240 Ber'tmc'amcs
630 2205 794 2252 dispecte
820 2205 847 2238 F
884 2170 1076 2258 despecte]
1083 2206 1137 2249 ὃς
1235 2208 1275 2238 17
1303 2203 1365 2249 [de
1385 2185 1483 2238 cubi-

147 2252 246 2298 culo]
273 2254 401 2288 eaeclusz
430 2253 480 2287 11
477 2264 606 2297 eyman
702 2252 948 2296 22vconsequi
979 2251 1139 2296 uestigio
1171 2252 1381 2295 transposui
1404 2255 1488 2296 post

148 2299 282 2335 alienis
311 2312 347 2335 ιη
374 2301 451 2335 cdd.
457 2289 609 2345 “leffium
629 2304 709 2344 post
736 2299 906 2333 floridum
1004 2303 1046 2333 -26
1073 2299 1227 2343 abrepto
1253 2298 1316 2342 Fcp
