1591 2556
147 94 168 133 1
177 93 197 133 ’ἶ
204 92 230 132 2
698 90 828 126 LIBRI
853 91 939 125 VIII

146 189 369 230 blandiens
403 189 439 229 ei
471 188 621 228 furtim
655 187 916 242 depromptis
943 187 1145 228 calicibus
1173 189 1215 229 et
1240 187 1496 244 oenophoro,

147 248 262 303 quod
306 247 537 288 inmixtum
581 246 682 287 uino
729 247 1010 301 soporiferum
1056 247 1230 301 gerebat
1272 261 1496 302 uenenum,

148 307 307 348 crebris
339 306 587 361 potionibus
615 305 736 346 auide
763 321 809 347 ac
836 320 980 346 secure
1009 305 1287 360 haurientem,
1317 306 1498 347 mentita

149 367 342 408 dominae
382 365 644 419 tarditatem,
683 365 804 419 quasi
841 367 1059 419 parentem
1099 365 1309 406 adsideret
1353 378 1495 420 aegro-

148 429 252 479 tum,
283 424 406 466 facile
439 423 636 477 sepeliuit
662 424 714 464 ad
746 438 953 465 somnum.
995 423 1163 478 iamque
1190 438 1239 465 eo
1267 424 1318 464 ad
1349 438 1495 465 omnes

148 485 326 526 iniurias
359 483 553 537 exposito
581 497 628 523 ac
660 483 858 536 supina-to
892 483 1159 523 introuocata
1185 481 1356 524 Charite
1387 498 1496 524 mas-

150 544 257 585 culis
291 543 442 584 animis
475 542 722 596 impetuque
748 542 840 582 diro
866 542 1051 582 fremens
1084 542 1249 583 inuadit
1276 557 1322 583 ac
1354 556 1497 596 super-

150 603 268 644 sistit
300 601 500 643 sicarium

240 660 336 702 XII.
378 660 476 701 ‘En’
509 660 650 714 inquit
682 659 806 700 ‘fidus
834 659 1027 714 coniugis
1053 659 1137 700 mei
1164 674 1316 714 comeS,
1347 675 1400 701 en
1430 675 1498 701 ue-

150 723 277 762 nator
310 719 520 775 egregius,
552 734 603 760 en
637 733 758 760 carus
789 719 979 759 maritus.
1021 718 1125 760 haec
1151 721 1216 760 est
1247 718 1321 760 illa
1352 719 1501 760 dextra

152 795 259 834 quae
298 794 440 820 meum
480 778 730 833 sanguinem
767 778 897 832 fudit,
934 777 1015 818 hoc
1052 780 1200 831 pectus
1240 777 1354 832 quod
1390 778 1500 819 frau-

153 839 350 880 dulentas
382 838 582 892 ambages
614 837 658 877 in
690 851 831 877 meum
865 837 1135 878 concinnauit
1167 837 1358 891 exitium,
1389 837 1503 878 oculi

153 898 227 939 isti
261 897 415 952 quibus
453 896 564 937 male
595 896 754 950 placui,
787 896 861 950 qui
894 895 1076 950 quodam
1108 896 1233 937 modo
1266 896 1409 950 <iam>
1440 896 1502 937 fu-

152 960 272 998 turas
293 956 490 998 tenebras
518 955 785 1009 auspicantes
805 955 1025 996 uenientes
1050 969 1208 1009 poenas
1235 955 1502 996 antecedunt.

154 1016 243 1070 qui·
283 1016 341 1069 [p.
368 1016 462 1056 142.
487 1014 558 1069 E]
599 1029 691 1055 esce
736 1028 926 1067 secui-US,
968 1014 1090 1055 beate
1134 1014 1355 1055 somniare.
1417 1028 1502 1055 non

154 1089 233 1130 ego
254 1075 345 1128 (te)
366 1074 519 1128 gladio,
545 1088 629 1114 non
654 1072 767 1114 ferro
791 1075 947 1126 petam.
989 1073 1100 1114 absit
1119 1076 1167 1114 ut
1195 1073 1324 1114 simili
1350 1073 1503 1114 mortis

154 1148 309 1189 genere
331 1148 425 1174 cum
452 1133 606 1173 marito
627 1147 721 1173 meo
744 1131 999 1185 coaequeris.
1035 1132 1135 1173 uiuo
1161 1132 1243 1173 tibi
1267 1132 1504 1173 morientur

156 1193 268 1234 oculi
307 1207 383 1233 nec
423 1192 650 1246 quicquam
682 1190 848 1232 uidebis
880 1191 964 1231 nisi
997 1191 1221 1232 dormiens.
1276 1190 1375 1232 faxo
1413 1191 1504 1232 feli-

154 1252 312 1294 ciorem
350 1266 495 1292 necem
534 1250 697 1291 inimici
735 1250 798 1290 tui
837 1264 964 1304 quam
1001 1250 1135 1291 uitam
1172 1254 1290 1291 tuam
1335 1251 1504 1292 sentias.

153 1311 300 1352 lumen
333 1313 444 1352 certe
471 1325 556 1351 non
587 1309 766 1363 uidebis,
797 1324 925 1350 manu
952 1309 1120 1350 comitis
1149 1309 1374 1364 indigebis,
1400 1309 1504 1351 Cha-

155 1371 266 1411 riten
315 1384 401 1411 non
444 1369 630 1423 tenebis,
674 1368 845 1422 nuptias
889 1382 973 1409 non
1017 1369 1189 1423 frueris,
1232 1383 1309 1410 nec
1352 1363 1532 1414 mortis]
1578 1374 1580 1420 ζ

157 1430 299 1484 quiete
338 1428 596 1470 recreaberis
633 1442 710 1469 nec-
748 1428 862 1468 uitae
903 1427 1124 1481 uoluptate
1165 1428 1391 1469 laetaberis
1432 1427 1505 1468 sed
1579 1428 1580 1436 ¹

154 1490 365 1530 incertum
407 1487 682 1528 simulacrum
728 1486 886 1527 errabis
931 1487 1042 1528 inter
1080 1485 1237 1528 Orcum
1278 1490 1320 1528 et
1362 1485 1504 1528 Solem

156 1551 198 1589 et
225 1548 295 1588 diu
323 1562 498 1601 quaeres
527 1547 741 1587 dexteram
768 1560 875 1600 quae
901 1548 996 1586 tuas
1023 1546 1287 1601 expugnauit
1310 1545 1506 1600 pupulas,

156 1607 354 1661 quodque
387 1609 450 1647 est
491 1606 535 1646 in
568 1619 769 1646 aerumna
799 1605 1105 1659 miserrimum,
1136 1605 1298 1646 nescies
1331 1605 1381 1646 de
1421 1619 1504 1659 quo

158 1666 359 1720 queraris.
402 1668 445 1705 at
477 1678 555 1719 ego
589 1663 861 1718 sepulchrum
892 1664 976 1705 mei
1008 1663 1243 1718 Tlepolemi
1275 1666 1348 1705 tuo
1380 1663 1506 1705 lumi·

158 1739 260 1765 num
293 1739 440 1765 cruore
472 1723 616 1764 libabo
642 1726 684 1764 et
716 1723 874 1764 sanctis
906 1723 1103 1764 manibus
1131 1723 1220 1764 eius
1250 1723 1345 1764 istis
1371 1722 1506 1764 oculis

158 1783 403 1837 parentabo.
444 1782 517 1824 sed
550 1782 653 1836 quid
683 1796 803 1823 mora
834 1782 1038 1836 temporis
1065 1783 1241 1837 dignum
1273 1782 1507 1823 cruciatum

156 1843 335 1884 lucraris
363 1845 405 1883 et
436 1856 553 1883 meos
579 1841 760 1882 forsitan
786 1841 867 1882 tibi
893 1841 1118 1895 pestiferos
1145 1841 1394 1896 imaginaris
1423 1855 1506 1881 am-

157 1901 336 1955 plexus?
380 1901 542 1942 relictis
574 1900 853 1942 somnolentis
892 1900 1078 1942 tenebris
1111 1901 1162 1941 ad
1194 1900 1320 1941 aliam
1351 1914 1503 1954 poena-

158 1961 241 2001 lem
262 1960 419 2014 euigila
440 1960 677 2015 caliginem.
716 1959 864 2000 attolle
884 1974 1062 2000 uacuam
1082 1959 1245 2013 faciem,
1271 1959 1505 2000 uindictam

158 2033 432 2074 recognosce,
465 2019 746 2060 infortunium
786 2018 1003 2073 intellege,
1035 2033 1257 2060 aerumnas
1295 2020 1505 2072 computa.

253 2139 273 2169 3
306 2134 475 2169 auriente
502 2148 529 2178 φ
635 2138 657 2168 4
689 2134 872 2169 tarditate
899 2148 926 2178 φ
1034 2138 1064 2168 7.
1082 2138 1101 2168 8
1135 2133 1382 2178 supersistens
1415 2134 1505 2170 Par.

161 2209 203 2240 13
229 2205 305 2240 iam
330 2205 476 2239 futuras
503 2206 525 2239 δ
570 2207 697 2239 tamen
722 2205 798 2239 iam
824 2186 941 2240 fast-{s
969 2214 998 2248 φ
1098 2208 1140 2238 16
1173 2204 1266 2252 (te)
1292 2206 1361 2240 ins.
1388 2206 1505 2241 Kron.

157 2278 219 2311 secl
239 2281 323 2321 post
347 2275 443 2310 ferro
530 2280 572 2309 21
600 2275 825 2319 nuptiasque
852 2289 880 2320 φ
961 2280 1004 2310 ‘26
1032 2256 1136 2320 atego
1162 2286 1250 2321 uero
1278 2289 1305 2320 φ
1379 2279 1421 2309 31
1450 2277 1506 2310 at-

159 2323 267 2369 tolle]
295 2323 413 2358 att-ale
441 2337 468 2368 φ
507 2334 550 2357 ac
575 2324 617 2356 tu
642 2322 681 2356 in
707 2322 798 2367 Fag
