1591 2556
628 105 729 140 OAP.
754 104 888 140 Ι-ΠΠ
1401 108 1428 148 3

83 206 172 244 tam
203 218 352 245 uerum
380 204 454 256 est,
487 216 612 256 quam
639 202 905 256 siquis‘ueh't
930 201 1067 243 dicere
1092 203 1258 258 magico
1286 218 1427 245 susur-

83 262 244 303 ramine
282 276 425 303 amnes
463 261 595 315 agiles
633 261 808 315 reuerti,
846 275 960 301 mare
998 261 1169 316 pigrum
1208 262 1426 318 conligari,

83 324 234 362 uentos
266 321 471 362 inanimes
503 320 734 374 exspirare3
773 319 904 361 solem
937 319 1138 374 inhiberi,
1183 320 1327 362 lunam
1360 322 1425 362 de-

84 380 283 435 spumari7
315 378 459 420 stellas
491 379 629 433 euelli,
662 379 772 420 diem
804 379 912 433 tolli,
943 382 1111 420 noctem
1143 380 1306 420 teneri.9

47 444 63 469 5
171 439 289 480 Tunc
321 452 398 493 ego
431 438 475 479 in
506 438 636 479 uerba
666 438 865 479 fidentior
892 437 1012 479 ‘heus
1037 438 1101 479 tu'
1134 438 1307 492 inquam
1334 439 1425 493 <61>

83 498 155 552 qui
181 512 416 539 sermonem
443 497 595 538 iecerat
623 497 808 551 priorem
834 497 902 538 ene
933 497 1078 551 pigeat
1103 499 1144 538 te
1165 497 1233 538 uel
1259 498 1425 539 taedeat

80 557 243 611 reliqua
273 556 508 611 pertexere'
541 559 582 597 et
613 556 665 597 ad
698 556 828 597 alium
855 556 918 597 ‘tu
943 571 1045 597 uero
1073 556 1224 597 crassis
1251 557 1424 598 auribus

81 619 122 657 et
159 616 373 657 obstinato
413 615 535 656 corde
573 615 738 670 respuis
777 630 883 669 quae
923 615 1103 656 forsitan
1145 630 1243 656 uere
1286 615 1424 670 perhi-

80 675 269 731 beantur.
315 675 456 715 minus
486 674 679 716 hercules
706 674 832 717 calles
858 674 1124 728 prauissimis
1151 675 1448 728 opinionibus·

26 752 59 776 10
80 749 128 775 ea
146 730 293 788 'putari
313 733 542 788 mendacia,
562 749 668 788 quae
688 733 758 774 uel
783 734 930 775 auditu
950 748 1061 775 noua
1086 733 1155 774 uel
1180 734 1276 774 uisu
1302 734 1423 774 rudia

78 793 146 834 uel
179 796 290 834 certe
328 807 456 847 supra
493 796 664 847 captum
702 793 973 847 cogitationis
1013 792 1143 833 ardua
1180 792 1423 847 uideantur3

79 867 184 906 quae
206 852 242 893 si
261 852 387 906 paulo
408 852 644 894 accuratius
665 852 911 906 exploraris‚
938 866 1022 893 non
1048 852 1174 892 modo
1201 855 1421 906 compertu

77 911 290 952 euidentia
321 925 470 952 uerum
503 911 631 952 etiam
661 911 777 952 factu
809 911 951 952 facilia
982 911 1150 952 senties.
1212 909 1310 951 IIII.
1344 925 1421 965 ego

77 970 256 1025 denique
276 985 465 1024 uespera,
485 970 585 1011 dum
611 970 806 1024 polentae
828 973 1017 1011 caseatae
1037 970 1202 1011 modico
1231 971 1421 1011 securius

24 1046 57 1071 15
78 1029 251 1070 offulam
284 1029 551 1084 grandiorem
589 1030 633 1070 in
672 1030 874 1070 conuiuas
913 1029 1103 1070 aemulus
1144 1032 1420 1070 contruncare

77 1088 230 1143 gestio,
268 1088 448 1129 mollitie
486 1089 569 1130 cibi
608 1088 814 1144 glutinosi
850 1088 1044 1129 faucibus
1086 1087 1346 1129 inhaerentis
1379 1091 1421 1129 et

75 1147 261 1189 meacula
274 1148 450 1201 spiritus
466 1147 642 1202 [p.3.E.]
659 1147 903 1188 distinentis
917 1147 1094 1188 minimo
1109 1147 1250 1188 minus
1265 1147 1418 1188 interii.
1438 1193 1441 1194 ⁷

75 1209 117 1247 et
147 1209 289 1247 tamen
315 1206 498 1247 Athenis
528 1207 723 1260 proximo
757 1206 836 1261 [et]
864 1209 960 1247 ante
985 1206 1183 1247 Poecilen
1208 1206 1419 1259 porticum

75 1266 158 1306 isto
191 1265 360 1320 gemin-o
389 1265 542 1306 obtutu
569 1265 862 1306 circulatorem
890 1265 1033 1319 aspexi
1061 1268 1299 1319 equestrem
1327 1279 1418 1319 spa-

0 1341 54 1366 [20
73 1324 192 1365 tham
230 1327 499 1378 praeacutam
531 1339 730 1379 mucrone
768 1324 922 1365 infesto
961 1324 1184 1365 deuorasse
1229 1338 1276 1365 ac
1318 1338 1419 1365 mox

0 1415 1 1425 ,
21 1394 76 1442 (ζ
74 1383 252 1424 eundem
279 1383 559 1433 inuitamento
587 1384 763 1439 exiguae
790 1383 914 1437 stipis
933 1383 1197 1424 uenatoriam
1216 1382 1418 1437 lanceam,

73 1457 156 1496 qua
185 1445 306 1496 parte
337 1442 524 1483 minatur
556 1442 750 1495 exitium,
783 1442 827 1483 in
859 1442 944 1482 ima
977 1442 1142 1483 uiscera
1167 1441 1416 1483 condidisse.

72 1504 114 1542 et
140 1515 233 1542 ecce
263 1515 371 1555 pone
396 1500 565 1542 lanceae
590 1501 762 1552 ferrum,
796 1516 879 1555 qua
903 1501 1129 1542 baccillum
1156 1501 1316 1541 inuersi
1342 1500 1417 1541 teli

0 1609 1 1612 Ἴ
72 1560 124 1601 ad
156 1560 400 1614 occipitium
432 1575 507 1614 per
538 1560 773 1615 ingluuiem
806 1560 938 1614 subit,
977 1574 1082 1614 puer
1113 1560 1158 1600 in
1189 1559 1415 1601 mollitiem

19 1635 52 1661 25
73 1619 248 1660 decorus
286 1619 472 1674 insurgit
509 1620 636 1673 inque
673 1619 854 1660 flexibus
892 1619 1098 1660 tortuosis
1136 1633 1334 1660 eneruam
1375 1622 1416 1660 et

72 1693 264 1719 exossam
285 1678 553 1720 saltationem
574 1678 758 1732 explicat
777 1693 872 1719 cum
894 1678 1082 1719 omnium
1104 1678 1176 1732 qui
1195 1678 1414 1719 aderamus

72 1737 360 1778 admiratione.
423 1737 581 1779 diceres
614 1737 679 1778 dei
712 1737 863 1778 medici
894 1737 1057 1791 baculo,
1091 1737 1204 1791 quod
1236 1736 1413 1777 ramulis

71 1796 408 1850 semiamputatis
452 1797 660 1838 nodosum
704 1796 832 1851 gerit,
876 1799 1114 1851 serpentem
1159 1810 1411 1851 generosum

69 1855 245 1896 lubricis
278 1855 543 1909 amplexibus
575 1855 803 1896 inhaerere.
854 1855 926 1897 sed
957 1856 1041 1896 iam
1069 1855 1182 1909 cedo,
1213 1858 1261 1896 tu
1289 1855 1410 1896 sodes

18 1931 52 1956 30
72 1929 199 1968 quam
231 1929 427 1969 coeperas
458 1914 646 1955 fabulam
678 1914 884 1956 remetire.
936 1928 1014 1969 ego
1047 1914 1127 1955 tibi
1161 1913 1276 1955 solus
1307 1914 1411 1954 haec

164 2058 185 2088 3
209 2053 337 2088 lunam
364 2053 544 2088 destinari
571 2054 645 2089 Pet.
721 2058 740 2088 5
764 2054 856 2101 <61>
876 2054 1006 2089 addida·
1078 2058 1097 2088 6
1124 2053 1265 2088 iecerat
1283 2054 1412 2097 scripsi

69 2102 114 2144 ef.
129 2101 175 2136 R.
191 2102 225 2136 d.
240 2101 310 2136 Ph.
327 2104 415 2136 1885
432 2113 469 2146 p.
487 2104 554 2135 100
585 2101 724 2135 ieceras
750 2103 828 2136 cdd.
903 2105 922 2136 9
948 2100 1117 2135 hercules
1137 2102 1278 2145 scripsi,
1305 2111 1412 2144 quam

68 2150 222 2192 formam
241 2153 386 2193 praeter
410 2150 505 2183 hunc
530 2150 645 2183 Iocum
663 2153 696 2183 et
721 2152 811 2183 5217
838 2149 866 2182 F
892 2160 1026 2193 semper
1051 2149 1189 2183 exhibet
1213 2147 1361 2182 hercule
1381 2146 1409 2179 F

71 2199 114 2230 14
141 2195 303 2230 securius
334 2195 424 2231 ΟΜΖ.
458 2207 561 2230 secus
588 2195 652 2238 Ἑφ
678 2196 723 2239 cf.
740 2199 794 2230 14.
811 2201 830 2231 6
930 2200 972 2230 17
998 2195 1168 2230 meacula
1197 2195 1299 2230 Corn.
1327 2204 1410 2228 mea

69 2242 157 2287 gula
176 2243 240 2287 Fq>
266 2253 388 2277 meam
406 2242 535 2287 gulam
554 2242 687 2287 spiritu
712 2243 822 2278 Burs.
908 2247 950 2278 18
977 2243 1045 2288 [et]
1077 2243 1167 2278 Ozcd.
1189 2242 1260 2276 Lu.
1322 2251 1408 2285 poe-

68 2289 162 2324 111611
193 2290 257 2334 Ὲφ
379 2294 422 2324 24
455 2287 632 2335 ingruuie'
651 2289 679 2323 F
800 2294 844 2324 26
877 2301 1026 2325 exosam
1052 2304 1078 2334 φ
1202 2293 1244 2323 ’27
1272 2287 1408 2322 affiira-

68 2336 169 2371 tione
195 2350 223 2380 φ
320 2340 364 2371 30
389 2348 501 2381 quam
525 2337 654 2382 scripsi
678 2349 701 2382 q
725 2337 789 2382 Εφ

1082 2396 1124 2430 1ss
