1591 2556
143 102 231 143 220
689 101 818 136 LIBRI
843 101 945 136 vm]

143 199 253 239 tanti
296 198 377 239 sibi
417 199 548 240 ferret
589 197 793 239 auxilium
835 213 962 252 seque
1004 213 1098 239 cum
1137 213 1212 240 suo
1251 199 1333 240 sibi
1371 199 1488 241 asino

143 258 353 311 tantisper
379 257 622 311 occultaret,
649 258 787 311 quoad
814 257 971 298 celatus
998 258 1135 311 spatio
1160 257 1278 299 bidui
1304 258 1490 300 triduiue

146 316 370 370 capitalem
416 331 586 357 causam
627 316 832 357 euaderet.
904 331 979 357 nec
1024 315 1182 357 oblitus
1221 316 1293 358 ille
1333 317 1490 359 ueteris

143 375 354 416 amicitiae
384 378 580 429 prompte
601 375 779 429 suscipit
803 389 953 429 meque
979 390 1053 429 per
1079 375 1211 416 scalas
1237 375 1491 430 complicitis

144 434 324 488 pedibus
369 435 411 475 in
456 434 650 488 superius
695 434 939 475 cenaculum
984 434 1191 489 adtracto,
1236 434 1490 476 hortulanus

146 493 320 535 deorsus
352 493 395 533 in
422 493 514 547 ipsa
540 493 715 534 taberna
739 493 844 535 clam
870 493 1032 547 derepit
1057 494 1101 534 in
1127 493 1338 548 quandam
1364 494 1490 536 cistu-

145 552 229 593 lam
263 555 305 593 et
336 554 585 607 super-gesto
613 552 865 605 <cooperculo
891 553 1055 604 clauso>
1083 552 1292 593 delitescit
1318 553 1490 594 orificio.

234 610 428 652 XXXXI.
473 610 534 652 At
571 610 693 652 miles
731 611 820 664 ille,
863 614 911 652 ut
948 614 1096 665 postea
1139 611 1278 666 djdici‚
1322 612 1492 653 tandem

146 670 265 711 uelut
297 684 486 711 emersus
518 670 640 725 graui
673 670 854 724 crapula,
886 670 1160 711 nutabundus
1191 673 1333 712 tamen
1359 674 1402 712 et
1426 673 1493 712 tot

146 729 369 784 plagarum
412 729 556 770 dolore
598 729 764 770 saucius
805 729 1040 783 baculoque
1083 744 1126 770 se
1167 730 1241 770 uix
1278 730 1492 771 sustinens

146 788 365 829 ciuitatem
407 788 607 829 aduentat
649 788 933 842 confususque
976 789 1025 829 de
1066 789 1320 842 impotentia
1360 789 1492 843 deque
1559 801 1578 816 *¹

145 847 299 888 inertia
330 862 405 888 sua
439 847 665 901 quicquam
699 847 750 888 ad
777 861 1017 901 quenquam
1043 848 1197 888 referre
1223 847 1492 902 popularium

146 906 219 947 sed
251 906 406 947 tacitus
444 906 642 946 iniuriam
682 906 906 960 deuorans,
945 906 1149 960 quosdam
1181 906 1493 948 commilitones
1554 912 1563 922 ¹

145 968 326 1006 nanctus
358 966 412 1006 iis
438 968 606 1006 tantum
634 965 772 1006 clades
798 968 965 1006 enarrat
991 980 1098 1006 suas.
1144 965 1305 1020 placuit
1329 969 1378 1007 ut
1403 966 1493 1019 ipse
1560 982 1581 998 ··

147 1024 319 1078 quidem
358 1024 635 1065 contubernio
675 1038 718 1065 se
755 1024 963 1077 tantisper
1001 1024 1276 1066 absconderet
1307 1050 1364 1053 *-
1395 1039 1492 1065 nam
1532 1039 1544 1046 ’
1581 1079 1583 1086 Ι

146 1085 314 1137 praeter
354 1083 570 1137 propriam
613 1082 913 1123 contumeliam
954 1082 1152 1123 militaris
1193 1083 1322 1124 etiam
1359 1097 1492 1124 sacra-

146 1142 281 1183 menti
301 1142 473 1196 genium
495 1142 548 1183 ob
570 1141 767 1182 amissam
797 1141 992 1195 spatham
1012 1142 1238 1183 uerebatur
1252 1142 1404 1197 —ipsi
1425 1157 1493 1183 au-

145 1204 233 1242 tem
254 1201 387 1256 signis
408 1201 567 1242 nostris
588 1200 770 1241 enotatis
790 1200 1111 1255 inuestigationi
1125 1201 1420 1256 uindictaeque
1434 1216 1494 1242 se-

148 1260 291 1301 dulam
313 1260 461 1301 darent
479 1274 661 1314 operam.
694 1274 769 1300 nec
792 1259 925 1300 defuit
939 1259 1104 1301 uicinus
1124 1259 1310 1314 perfidus
1330 1260 1403 1315 qui
1416 1274 1494 1301 nos

146 1319 244 1360 ilico
285 1318 487 1360 occultari
525 1319 750 1360 nuntiaret.
808 1321 899 1359 tum
937 1318 1247 1360 commilitones
1280 1319 1494 1360 accersitis

146 1378 470 1433 magistratibus
510 1378 776 1419 mentiuntur
817 1392 907 1418 sese
944 1377 1070 1419 multi
1107 1378 1233 1432 pretii
1273 1377 1494 1419 uasculum

148 1440 397 1492 argenteum
424 1437 628 1491 praesidis
654 1437 699 1477 in
725 1437 795 1477 uia
820 1436 1052 1490 perdidisse
1074 1437 1200 1491 idque
1219 1437 1494 1478 hortulanum

148 1496 359 1550 quendam
390 1496 626 1550 repperisse
657 1510 735 1537 nec
759 1495 869 1536 uelle
894 1496 1116 1537 restituere
1142 1496 1213 1537 sed
1241 1496 1352 1550 apud
1375 1496 1495 1537 fami-

146 1555 295 1596 liarem
323 1555 532 1609 quendam
554 1555 636 1596 sibi
657 1554 910 1596 delitescere.
963 1557 1064 1596 tunc
1083 1555 1360 1610 magistratus
1379 1569 1494 1609 prae-

1590 1587 1591 1606 l

148 1614 251 1655 sidis
293 1614 463 1655 nomine
501 1617 539 1655 et
573 1615 723 1655 damno
762 1614 932 1668 cognito
970 1614 1148 1655 ueniunt
1189 1614 1239 1654 ad
1281 1614 1495 1655 deuersori
1534 1629 1546 1634 ·
1590 1613 1591 1617 ’

147 1674 284 1714 nostri
325 1672 438 1714 fores
480 1673 674 1727 claraque
716 1687 819 1714 uoce
861 1673 1112 1713 denuntiant
1146 1672 1307 1727 hospiti
1348 1675 1493 1714 nostro

246 1840 266 1870 6
293 1836 452 1870 taberna
478 1835 575 1870 clam
600 1836 726 1871 Rohde
768 1835 1012 1870 tabernacula
1038 1835 1135 1879 Εφδ
1177 1835 1373 1870 tabernam
1397 1835 1495 1870 clam

150 1884 273 1928 Scipio
303 1883 459 1918 Gentilis
501 1882 700 1917 tabernula
732 1883 878 1918 Wmcer.
905 1883 946 1917 E.
1067 1882 1227 1929 derepit]
1260 1881 1397 1927 direpit
1428 1882 1493 1926 Fq>

153 1934 172 1965 7
199 1932 416 1975 supergesto
444 1929 691 1977 <cooperculo
719 1929 874 1977 clauso>
902 1929 1090 1964 delitescit
1122 1929 1262 1964 orificio
1287 1930 1418 1974 scripsi
1447 1931 1492 1973 cf.

151 1981 229 2012 181.
251 1982 295 2011 ‘20
327 1982 359 2012 et
398 1981 474 2012 109.
497 1981 541 2011 29
580 1978 618 2012 et
656 1981 740 2012 ante
777 1979 952 2022 supgesto
990 1978 1140 2012 deletum
1177 1979 1217 2012 in
1253 1976 1281 2010 F
1331 1975 1495 2010 delitisci

149 2024 308 2059 torificio
340 2024 441 2069 Εῑφ1
491 2024 726 2059 delitescenti
757 2023 916 2059 torificio
941 2023 989 2058 F2
1038 2023 1226 2058 delitescit
1256 2022 1414 2058 torificio
1447 2023 1495 2068 φ2

150 2099 195 2130 14
219 2095 266 2129 iis
291 2097 440 2129 tanturn
465 2097 594 2139 scripsi
618 2096 774 2141 uestiyz'a
798 2094 826 2129 F
851 2099 992 2130 secutus
1025 2080 1100 2129 istit
1123 2095 1203 2128 tum
1228 2093 1256 2127 F
1283 2095 1358 2139 (sed
1380 2093 1494 2128 istam

149 2143 314 2186 deletum)
363 2141 456 2176 istas
492 2144 572 2176 tum
606 2142 664 2176 his
699 2144 848 2176 tantum
878 2142 950 2177 Lu.
1001 2141 1047 2176 iis
1083 2140 1211 2175 statim
1244 2141 1349 2176 Corn.
1400 2141 1493 2176 istas

148 2191 230 2224 tum
256 2189 332 2233 φΕ.
408 2193 452 2223 24
478 2188 532 2223 ibi
553 2189 725 2234 smuppe)
744 2191 805 2224 sed
827 2190 872 2233 cf.
890 2193 1037 2232 170.11;
1066 2191 1174 2222 180.5
1248 2192 1302 2222 24.
1319 2191 1362 2223 25
1386 2198 1493 2233 prae-

149 2236 239 2271 sidis
265 2236 414 2271 nomine
441 2238 479 2271 et
505 2236 638 2270 damno
664 2238 794 2280 scripsi
825 2238 862 2271 et
883 2236 1018 2270 damno
1037 2234 1220 2280 praesidis
1239 2234 1388 2270 nomine
1413 2235 1492 2270 cdd.

151 2286 189 2318 et
215 2284 350 2318 damno
377 2283 472 2330 <et>
503 2283 688 2328 praesidis
713 2283 862 2318 nomine
887 2284 986 2319 Prie.
1013 2282 1053 2317 E.
1080 2283 1124 2325 cf.
1143 2286 1219 2317 154.
1231 2285 1275 2316 20
1360 2286 1404 2317 25
1431 2281 1493 2316 de-

151 2330 292 2365 uersori
319 2331 364 2364 F¹
391 2332 435 2374 cf.
464 2334 518 2365 58.
540 2333 578 2374 83
607 2333 683 2365 18⁶2.
706 2333 726 2363 9
752 2335 877 2365 contra
913 2328 1117 2364 diuersoria
1144 2333 1196 2363 79.
1219 2333 1238 2363 9
