1539 2556
123 100 241 134 XXVI
649 100 931 135 PRAEFATIO.

124 200 264 248 scripsi
291 199 467 238 Hermes.
497 201 621 239 1896.
659 201 736 239 vol.
750 201 880 238 XXXI
897 214 934 250 p.
954 202 1004 239 79
1021 212 1104 250 sqq.
1155 199 1270 245 Quod
1300 200 1469 239 coniecit

123 259 388 296 Bluemnerus
405 261 468 297 61.
481 261 533 298 18
554 261 596 297 in
616 261 737 297 altum
756 260 856 297 diem
874 260 953 297 iam
972 260 1056 309 ipse
1075 259 1320 308 scripseram.
1353 258 1466 304 Quod

123 318 263 367 scripsi
279 319 376 356 88.1
387 319 409 355 2
423 315 540 369 (me)
553 320 746 368 miseram,
761 318 820 356 Bl.
836 319 943 357 uult:
959 315 1279 368 miseram<me>.
1313 317 1468 356 Conieit

125 378 220 414 141.
251 379 300 414 11
349 379 636 424 erearnificarc':
673 378 776 414 idem
820 377 901 414 iam
946 378 1130 416 dederam
1174 390 1264 415 cum
1309 376 1466 415 Ouden-

123 435 262 485 dorpio
290 437 330 473 et
352 436 614 474 Doruilliano.
649 438 743 474 255.
770 438 819 475 15
849 437 1053 475 scribendo
1079 437 1146 474 sed
1171 438 1236 483 qui
1255 436 1466 474 Bluemne-

122 507 212 532 rum
245 498 405 532 secutus
439 507 526 532 sum
557 507 628 532 nee
659 508 738 532 non
768 508 908 532 uerum
939 495 1086 533 uidisse
1112 496 1228 532 illum
1254 495 1369 533 credo
1398 496 1465 533 31.

125 555 177 591 14
211 554 280 591 ubi
318 554 473 591 scribit:
507 550 624 591 ‘sunt'
658 556 720 591 aio
750 551 985 603 p<lu>ri¹ma
1021 555 1178 592 huiusce
1213 555 1467 592 diumatioms

122 614 389 659 experimenta.
424 614 488 651 88.
512 615 564 650 ‘22
593 615 738 650 {tunore
765 615 803 650 et
825 614 918 651 145.
943 615 995 651 28
1027 614 1245 651 relucebcmt
1269 626 1342 663 ego
1369 626 1466 663 quo-

123 684 198 720 que
232 672 272 708 in
305 672 632 710 annotationibus
663 672 824 710 conieci.
866 672 912 708 In
944 673 1109 722 reliquis
1140 672 1274 710 uirum
1305 672 1467 710 doctum

121 730 235 780 sequi
265 743 342 768 non
373 742 546 779 possum.

211 789 416 827 Leotorem
455 790 651 828 monitum
681 790 776 827 uolo
808 803 886 840 me,
918 791 966 827 ut
1001 789 1194 828 breuitati
1224 789 1266 827 in
1298 792 1466 827 annota-

120 847 297 886 tionibus
319 849 579 898 quantumuis
605 849 881 887 consuleretur
906 848 1018 899 siglis
1042 844 1093 886 F¹
1119 851 1159 886 et
1182 843 1231 898 φ1
1255 861 1333 887 non
1364 848 1466 886 indi-

121 919 231 944 casse
276 908 538 946 correctiones
588 908 739 957 primae
783 920 941 957 manus,
986 907 1055 945 sed
1096 908 1224 957 ipsam
1262 908 1464 957 scriptoris

123 966 267 1004 codicis
287 979 460 1005 manum.
494 967 658 1004 Praeter
683 969 798 1004 notas
818 966 1060 1005 uetustiores
1087 967 1278 1005 editiones
1300 969 1340 1004 et
1359 979 1463 1005 com-

119 1025 348 1075 mentarios⁷
381 1025 440 1063 his
474 1026 661 1064 subsidiis
692 1038 789 1063 usus
822 1038 927 1063 sum:

120 1142 453 1193 Henr.Becker,
476 1143 619 1181 Studia
633 1143 869 1193 Apuleiana.
902 1143 1050 1193 Berlin,
1065 1143 1312 1181 Weidmann.
1340 1145 1465 1182 1879.

120 1202 268 1240 Frider.
301 1202 469 1252 Beyte,
504 1201 766 1247 Quaestiones
797 1202 1085 1252 Appuleianae.
1136 1202 1313 1253 Lipsiae,
1345 1202 1466 1240 Edel-

207 1273 337 1299 mann.
386 1263 509 1300 1883.

121 1320 168 1357 Η.
201 1320 446 1371 Bliimner‚
480 1321 540 1358 Zu
571 1320 768 1370 Apuleius
802 1321 1162 1370 Metamorphosen.
1204 1319 1382 1358 Hermes.
1409 1321 1463 1358 29

207 1393 244 1428 p.
269 1381 351 1417 294
374 1392 457 1429 sqq.

118 1438 166 1475 H.
188 1438 432 1488 Blumner,
465 1438 778 1476 Textkritisches
811 1451 859 1475 zu
884 1438 1081 1487 Apuleius
1106 1438 1464 1487 Metamorphosen.

208 1497 451 1546 Philologus.
495 1498 619 1536 1896.
664 1499 759 1535 341.

120 1556 343 1603 Bursian,
388 1556 577 1605 Beitrage
621 1569 691 1593 zur
732 1556 867 1594 Kritik
909 1556 976 1594 der
1012 1556 1359 1605 Metamorphosen
1396 1555 1465 1594 des

211 1615 414 1664 Apuleius.
466 1615 732 1665 Sitznngsber.
765 1615 835 1652 der
870 1615 969 1653 Kon.
1003 1615 1108 1652 Bair.
1139 1614 1357 1652 Akademie
1396 1615 1465 1652 der

207 1674 446 1711 Wissensch.
483 1675 609 1712 1881.
639 1688 676 1723 p.
700 1676 780 1712 119
803 1686 886 1723 sqq.

118 1733 154 1771 J.
186 1733 223 1771 J.
257 1732 586 1782 Cornelissen,
636 1733 825 1783 Bijdrage
869 1735 931 1771 tot
981 1733 1027 1771 de
1080 1732 1338 1771 tekstkritiek
1385 1745 1464 1771 van

207 1792 414 1841 Apuleius*
451 1792 810 1841 Metamorphosen.
860 1792 1081 1842 Verslagen
1120 1804 1168 1829 en
1209 1791 1361 1829 Meded.
1394 1791 1465 1829 der

207 1851 307 1889 Kon.
327 1851 455 1889 Akad.
475 1865 510 1889 v.
532 1851 758 1889 Wetensch.
790 1850 881 1889 Afd.
901 1851 1184 1889 Letterkunde.
1227 1851 1302 1889 3de
1321 1850 1463 1888 Reeks.

208 1910 258 1948 dl.
286 1910 331 1948 V.
378 1911 501 1948 1888.

121 1967 163 2007 O.
197 1968 414 2017 Cmsius,
447 1969 683 2018 Apuleiana.
716 1969 962 2019 Philologus.
998 1970 1120 2007 1890.
1153 1982 1189 2017 p.
1212 1969 1294 2007 675
1316 1980 1399 2017 sqq.

120 2027 163 2066 O.
191 2026 408 2077 Crusius,
440 2028 587 2077 Apulei
606 2028 698 2065 Met.
731 2028 760 2066 I.
785 2029 848 2067 18.
889 2028 1121 2077 Philologus
1151 2028 1273 2066 1895.
1305 2040 1341 2076 p.
1366 2027 1461 2064 142.

120 2085 159 2124 C.
188 2086 235 2124 H.
263 2086 373 2136 Dee,
417 2087 476 2124 De
513 2087 668 2124 ratione
707 2099 808 2136 quae
848 2090 908 2124 est
945 2087 1049 2124 inter
1080 2086 1247 2123 Asinum
1285 2085 1461 2124 Pseudo·

206 2145 452 2183 Lucianeum
483 2145 709 2195 Apuleique
743 2146 1112 2194 Metamorphoseon
1150 2144 1283 2182 libros.
1333 2144 1460 2194 Lugd.

206 2204 294 2242 Bat.
331 2205 454 2243 1891.

118 2263 182 2302 Fr.
220 2263 567 2313 Eyssenhardt,
617 2262 781 2313 Apuleii
828 2262 1201 2312 metamorphoseon
1249 2261 1343 2300 libri
1392 2261 1462 2300 XI.

207 2322 355 2372 Berlin,
390 2321 624 2372 Guttentag.
672 2323 795 2360 1869.
