1591 2556
170 104 253 144 192
710 101 838 136 LIBRI
863 101 966 136 VIIII

168 203 268 240 tunc
306 199 462 240 mulier
495 198 643 240 callida
677 198 733 252 [p.
758 198 852 239 158.
876 197 944 251 E]
984 200 1024 237 et
1057 196 1108 236 ad
1139 196 1266 236 huius
1297 196 1411 236 modi
1441 196 1512 236 fla-

168 259 273 313 gitia
317 258 581 312 perastutula
629 257 910 298 tenacissimis
955 255 1219 309 amplexibus
1270 254 1513 309 expeditum

167 317 383 358 hominem
418 317 542 369 dolio,
576 316 688 370 quod
719 319 808 357 erat
840 316 883 356 in
917 314 1072 369 angulo
1106 314 1414 355 semiobrutum
1440 313 1513 354 sed

168 376 272 417 alias
293 391 487 429 uacuum,
513 374 828 416 dissimulanter
849 373 1080 427 abscondit,
1101 376 1142 414 et
1162 372 1384 427 patefactis
1404 372 1514 414 aedi-

168 436 247 477 bus
269 435 405 476 adhuc
428 435 712 475 introeuntem
740 434 939 475 maritum
967 446 1115 486 aspero
1142 446 1334 473 sermone
1361 431 1515 485 accipit
1551 449 1567 476 5

170 494 315 535 ‘sicine
348 508 507 535 uacuus
540 496 582 534 et
614 493 775 534 otiosus
803 492 1028 533 insinuatis
1053 491 1249 532 manibus
1276 490 1514 532 ambulabis

169 553 276 594 mihi
302 568 378 594 nec
405 553 521 593 obito
548 555 749 593 consueto
776 552 920 593 labore
946 550 1060 591 uitae
1087 553 1256 591 nostrae
1281 549 1514 604 prospicies

170 616 211 653 et
247 612 407 666 aliquid
445 611 603 652 cibatui
640 611 838 665 parabis?
888 613 931 651 at
969 624 1047 664 ego
1084 610 1239 650 misera
1274 623 1436 663 pernox
1474 611 1517 649 et

170 686 245 725 per
284 671 394 712 diem
432 670 618 711 lanificio
657 685 809 711 neruos
848 684 964 710 meos
1003 671 1278 722 contorqueo,
1319 669 1368 708 ut
1404 667 1517 708 intra

172 730 366 771 cellulam
408 733 597 780 nostram
639 729 789 770 saltem
829 729 1001 769 lucerna
1041 728 1189 769 luceat.
1253 729 1411 781 quanto
1448 740 1516 767 me
1537 744 1570 770 ιο

173 789 335 830 felicior
362 789 541 843 Daphne
574 789 724 842 uicina,
757 803 862 842 quae
888 788 1070 840 prandio
1103 790 1144 827 et
1170 800 1278 828 mero
1303 785 1514 826 matutino

172 848 315 889 saucia
347 863 441 889 cum
475 848 562 889 suis
596 847 799 888 adulteris
832 846 1083 887 uolutaturl’

260 906 332 948 VI.
367 906 437 948 Sic
469 907 713 948 confutatus
745 907 924 946 maritus
957 905 1015 946 tet
1047 905 1149 959 quid
1180 904 1277 945 istic
1309 903 1419 945 est‘?'
1457 903 1518 944 ait

173 966 285 1006 ‘nam
325 966 425 1007 licet
464 966 623 1007 forensi
659 965 832 1020 negotio
871 964 1110 1004 officinator
1147 966 1292 1004 noster
1329 965 1517 1003 attentus

171 1025 299 1066 ferias
337 1025 460 1066 nobis
491 1025 656 1078 fecerit,
694 1028 835 1064 tamen
873 1023 1100 1064 hodiernae
1139 1022 1310 1063 cenulae
1348 1024 1516 1062 nostrae
1538 1037 1591 1064 15⁴

172 1084 382 1138 prospexi.
445 1084 563 1124 uides
606 1083 720 1124 istud
762 1083 939 1136 dolium,
981 1082 1095 1135 quod
1134 1096 1299 1135 semper
1336 1095 1518 1122 uacuum

171 1143 342 1184 frustra·
364 1143 504 1183 locum
544 1143 704 1183 detinet
743 1144 909 1182 tantum
948 1143 989 1181 et
1020 1156 1065 1182 re
1103 1155 1204 1181 uera
1240 1143 1406 1194 praeter
1443 1140 1518 1180 im-

173 1202 463 1256 pedimentum
496 1201 832 1242 conuersationis
871 1202 1040 1241 nostrae
1072 1199 1180 1240 nihil
1214 1201 1403 1253 praestat
1435 1213 1518 1239 am-

172 1261 314 1315 plius?
366 1261 479 1302 istud
521 1274 598 1315 ego
641 1261 827 1314 quinque
870 1259 1052 1300 denariis
1094 1258 1260 1299 cuidam
1300 1257 1519 1299 uenditaui

174 1323 216 1361 et
248 1320 376 1374 adest,
408 1323 456 1360 ut
489 1320 586 1360 dato
618 1319 756 1373 pretio
790 1333 931 1361 secum
963 1333 1052 1359 rem
1085 1332 1204 1359 suam
1235 1317 1353 1358 ferat.
1416 1316 1519 1371 quin
1539 1316 1587 1371 20}

174 1380 317 1433 itaque
356 1379 641 1434 praecingeris
680 1378 868 1432 mihique
906 1391 1078 1418 manum
1117 1377 1324 1430 tantisper
1361 1390 1519 1416 accom-

174 1438 332 1492 modas,
364 1441 412 1479 ut
444 1438 698 1479 exobrutum
730 1437 926 1491 protinus
957 1436 1150 1477 tradatur
1181 1434 1390 1490 emptori.’

261 1497 297 1537 E
331 1512 375 1538 re
408 1500 506 1537 nata
544 1496 711 1537 fallacia
748 1496 919 1550 mulier,
956 1495 1227 1536 temerarium
1265 1494 1418 1535 tollens
1457 1508 1519 1534 ca-

174 1556 376 1597 chinnum
409 1555 642 1610 ‘magnum’
681 1555 821 1609 inquit
859 1555 1004 1595 ‘istum
1035 1554 1176 1595 uirum
1215 1568 1262 1594 ac
1300 1556 1519 1594 strenuum

174 1616 485 1669 negotiatorem
517 1618 641 1656 nacta
672 1630 778 1667 sum,
811 1614 883 1668 qui
909 1629 1010 1667 rem,
1043 1628 1169 1668 quam
1197 1626 1274 1667 ego
1300 1612 1453 1653 mulier
1478 1615 1521 1652 et
1539 1628 1587 1658 25,

174 1674 286 1714 intra
316 1674 553 1728 hospitium
592 1676 790 1715 contenta
828 1674 912 1714 iam
951 1673 1110 1713 dudum
1142 1675 1303 1726 septem
1337 1671 1519 1712 denariis

174 1733 358 1787 uendidi,
389 1733 566 1774 minoris
600 1733 825 1773 distraxit.’

264 1791 566 1833 Additamento
598 1792 726 1846 pretii
758 1791 894 1833 laetus
926 1791 1105 1831 maritus
1138 1790 1195 1831 eet
1221 1789 1316 1844 quis
1342 1791 1406 1830 est
1432 1788 1519 1829 ille’

176 1852 235 1892 ait
267 1851 356 1905 ‘qui
388 1854 507 1892 tanto
539 1851 863 1905 praestinauiffl’
1587 1852 1591 1875 ⁴

272 2006 311 2036 11
353 2002 493 2037 dafhne
525 2003 589 2046 qu
686 2001 844 2046 prandio
877 2003 914 2036 et
951 2012 1051 2035 mero
1089 1999 1273 2034 matutino
1309 1999 1441 2043 scripsi
1472 1999 1517 2042 cf.

180 2053 254 2084 163.
277 2053 338 2093 213
367 2053 444 2083 164.
466 2054 486 2083 3
530 2060 630 2084 mero
670 2052 706 2084 et
744 2048 901 2093 prandio
939 2060 985 2082 m.
1019 2048 1097 2083 cdd.
1243 2050 1286 2080 12
1329 2045 1520 2080 uolutatur
1585 2047 1586 2050 ’

175 2098 220 2139 cf.
256 2097 326 2132 Cic.
360 2097 402 2131 de
438 2097 515 2131 har.
547 2108 637 2141 resp.
671 2101 689 2139 ξ
722 2100 765 2130 59
901 2100 942 2129 13
982 2097 1019 2130 et
1058 2093 1148 2138 quid
1184 2094 1261 2128 cdd.
1306 2092 1441 2136 ecquid
1477 2093 1518 2127 E.
1585 2089 1586 2096 ¹

179 2148 221 2178 16
253 2143 391 2178 uidefis
411 2145 453 2177 ut
479 2144 506 2177 F
550 2143 637 2178 uide
664 2144 712 2177 sis
733 2145 774 2177 ut
800 2157 827 2187 φ
872 2143 977 2177 uides
1002 2141 1098 2176 illud
1124 2142 1145 2175 δ
1219 2144 1261 2175 19
1293 2139 1456 2184 quinque
1490 2153 1518 2183 φ

178 2193 321 2236 septem
358 2190 386 2224 F
424 2192 479 2235 (in
516 2202 585 2225 ras.
624 2202 689 2226 scr.
725 2203 769 2225 m.
809 2191 916 2225 ualde
952 2191 1083 2232 recens)
1227 2191 1271 2221 25
1316 2189 1353 2222 et
1397 2198 1463 2222 om.
1497 2188 1519 2221 δ

178 2242 222 2272 28
249 2238 506 2272 abditamento
534 2238 597 2282 an
697 2241 750 2272 28.
769 2241 812 2271 29
843 2237 894 2271 ‘et
920 2237 1001 2280 quis
1028 2237 1085 2270 est
1109 2235 1187 2269 ille'
1217 2234 1272 2269 ait
1299 2234 1378 2278 ‘qui
1409 2236 1516 2268 tanto

178 2285 442 2330 praestinauit'
472 2285 571 2329 Ὲφὸ
612 2286 664 2319 ‘et
690 2284 772 2328 quis
798 2284 878 2318 ille’
908 2284 962 2318 ait
997 2283 1075 2327 'qui
1106 2284 1213 2316 tanto
1245 2281 1366 2326 pretio
1396 2293 1450 2326 pr.
1477 2281 1517 2315 E.

178 2333 233 2376 (in
258 2346 285 2376 φ
312 2334 346 2366 st
372 2334 413 2367 in
436 2331 686 2376 praestinauit
711 2344 775 2366 ser.
803 2343 847 2366 m.
874 2343 902 2367 r.
930 2333 971 2366 in
994 2332 1081 2374 ras.)
1107 2331 1151 2373 cf.
1181 2332 1258 2363 173.
1274 2332 1317 2363 33
