1591 2556
54 447 68 472 5

550 90 649 126 CAP.
676 89 963 125 XXIII-,XXVI
1372 89 1425 129 41

174 188 307 230 XXV.
341 187 411 230 Sic
435 186 650 228 desolatus
676 187 729 227 ad
755 185 970 227 cadaueris
992 185 1195 226 solacium
1215 186 1429 240 perfrictis

87 248 220 290 oculis
262 250 303 289 et
346 246 574 287 obarmatis
619 245 671 286 ad
713 244 885 300 uigilias
930 244 1117 285 animum
1155 259 1295 286 meum
1340 261 1429 300 per-

86 307 322 348 mulcebam
349 304 673 346 cantationibus.
722 305 811 346 iam
838 318 931 345 ecce
958 303 1252 357 crepusculum
1280 307 1322 346 et
1346 320 1431 347 nox

87 369 288 421 prouecta
313 366 354 406 et
379 378 464 405 nox
490 363 616 405 altior
641 366 683 405 et
709 363 804 404 dein
831 363 1036 404 concubia
1061 362 1214 403 altiora
1239 366 1281 404 et
1308 364 1429 419 [iam]

88 441 172 468 nox
204 425 470 477 intempesta,
500 422 690 477 mihique
716 423 858 477 (iam)
885 421 1040 476 oppido
1071 421 1320 463 formidanti
1348 425 1431 476 for·

88 485 200 526 mido
244 482 498 524 cumulatior
548 482 742 536 quidem,
798 496 893 523 cum
944 484 1115 535 repente
1165 481 1431 535 introrepens

88 542 270 584 mustela
301 544 448 583 contra
478 556 545 582 me
578 541 771 582 constitit
802 542 1084 595 optutumque
1111 540 1362 582 acerrimum
1389 542 1433 582 in

88 617 154 642 me
175 601 380 655 destituit,
399 603 448 641 ut
468 600 682 641 tantillula
702 599 896 641 animalis
916 614 1015 653 prae
1035 599 1168 641 nimia
1194 600 1259 640 sui
1279 600 1435 642 fiducia

87 660 192 702 mihi
218 660 402 701 turbarit
428 660 626 700 animum.
660 659 840 713 denique
866 659 926 700 sic
952 659 1004 699 ad
1030 659 1147 700 illam
1181 659 1299 713 ‘quin
1325 660 1433 701 abis'

90 721 263 774 inquam
296 719 510 772 ‘inpurata
539 718 678 760 bestia
708 721 834 773 teque
867 720 921 760 ad
943 718 1007 759 tui
1034 718 1194 759 similes
1220 719 1434 760 masculos

88 778 280 820 recondis
308 781 534 832 antequam
555 778 691 819 nostri
711 778 799 819 uim
820 777 1152 832 praesentariam
1174 778 1432 832 experiaris?

89 838 191 892 quin
224 837 359 878 abis?

179 897 236 951 [p.
252 896 401 950 34.E.]
446 895 584 951 Terga
609 896 744 937 uortit
776 899 817 937 et
845 895 1039 937 cubiculo
1072 896 1267 950 protinus
1301 899 1434 937 exter-

90 956 286 997 minatur.
331 970 407 997 nec
427 970 547 996 mora
565 970 661 997 cum
681 970 748 996 me
769 970 942 996 somnus
968 955 1204 1009 profundus
1231 955 1275 996 in
1302 955 1434 996 imum

55 1037 70 1061 5
91 1014 338 1056 barathrum
370 1017 542 1068 repente
575 1014 799 1069 demergit,
837 1018 886 1055 ut
917 1029 968 1055 ne
1001 1015 1103 1055 deus
1136 1015 1305 1069 quidem
1337 1014 1434 1055 Del-

92 1074 242 1128 phicus
274 1074 364 1128 ipse
395 1073 518 1115 facile
551 1074 807 1115 discerneret
827 1075 930 1128 <de>
951 1074 1114 1114 duobus
1146 1074 1269 1115 nobis
1302 1074 1434 1115 iacen-

92 1133 207 1174 tibus
234 1134 329 1187 quis
356 1136 466 1174 esset
485 1133 622 1187 magis
642 1136 847 1174 mortuus.
882 1133 942 1174 sic
956 1133 1155 1174 inanimis
1177 1136 1219 1174 et
1239 1133 1434 1187 indigens

92 1192 175 1233 alio
209 1192 381 1234 custode
413 1206 544 1246 paene
576 1192 636 1233 ibi
668 1207 753 1233 11011
785 1207 910 1233 eram.

180 1249 336 1292 XXVI.
382 1250 660 1292 Commodum
685 1251 823 1292 noctis
855 1251 1045 1292 inducias
1078 1254 1226 1292 cantus
1257 1254 1437 1305 perstre-

41 1332 55 1356 2
94 1310 222 1364 pebat
254 1310 450 1351 cristatae
483 1309 688 1364 cohortis,
732 1310 902 1351 tandem
941 1311 1186 1365 expergitus
1225 1313 1267 1351 et
1304 1310 1437 1352 nimio

94 1383 251 1423 pauore
283 1369 532 1423 perterritus
566 1370 744 1410 cadauer
775 1384 947 1410 accurro
987 1372 1028 1410 et
1060 1372 1243 1411 ammoto
1278 1369 1438 1411 lumine

93 1428 364 1482 reuelataque
386 1428 475 1469 eius
501 1428 607 1469 facie
634 1428 819 1469 rimabar
844 1428 1023 1483 singula,
1045 1443 1150 1482 quae
1172 1431 1323 1470 cuncta
1340 1429 1440 1483 (ut)

95 1490 379 1528 conuenerant
399 1487 748 1541 (comparebant)
781 1502 874 1528 ecce
893 1502 1002 1528 uxor
1020 1487 1186 1529 misella
1212 1489 1316 1529 flens
1343 1503 1439 1529 cum

93 1546 303 1587 hesternis
335 1546 518 1587 testibus
550 1546 827 1600 introrumpit
859 1547 984 1587 anxia
1021 1549 1062 1588 et
1094 1547 1239 1587 statim
1272 1547 1440 1600 corpori

42 1625 73 1650 2.-
96 1620 349 1659 superruens
387 1605 655 1660 multumque
695 1621 741 1647 ac
774 1606 846 1646 diu
872 1606 1115 1647 deosculata
1152 1606 1229 1647 sub
1262 1606 1438 1647 arbitrio

95 1664 267 1705 luminis
300 1664 566 1719 recognoscit
591 1665 742 1706 omnia..
792 1667 833 1706 et
859 1679 1062 1706 conuersa
1086 1664 1438 1720 Philodespotum

94 1723 273 1789 requirit
310 1726 513 1764 actor:em
558 1724 594 1764 ei
633 1724 839 1778 praecipit
882 1724 993 1765 bono
1039 1725 1204 1765 custodi
1247 1725 1440 1766 redderet

95 1782 183 1823 sine
209 1797 328 1823 mora
352 1783 599 1836 praemium.
645 1786 686 1824 et
712 1783 855 1824 oblato
881 1784 1064 1824 statim
1070 1784 1273 1824 summas'
1300 1784 1440 1837 inquit

191 1902 207 1932 1
223 1898 462 1944 pfrictisculi
479 1899 544 1933 sed
558 1899 624 1940 qu
649 1898 860 1943 perfricatis
876 1899 992 1933 oculis
1006 1912 1072 1946 mj
1089 1913 1116 1944 φ
1142 1899 1349 1944 perstrictis
1365 1911 1401 1934 o
1417 1901 1440 1933 ὃ

96 1949 115 1979 2
142 1945 357 1980 obarmatus
385 1947 407 1980 δ
492 1950 511 1980 3
539 1946 615 1980 iam
641 1946 815 1991 S(auppe)
848 1958 930 1981 cum
957 1949 1034 1981 cdd.
1120 1951 1142 1981 4
1169 1947 1275 1993 [iam]
1303 1948 1439 1982 eaeclusz'

95 1997 115 2026 5
142 1992 274 2039 <iam>
297 1994 435 2028 inserui
508 1998 539 2028 5
556 1998 575 2028 6
602 1993 820 2027 formidanti
840 1993 1000 2028 formido
1019 1996 1150 2039 scripsi
1174 1994 1333 2029 formido
1361 1995 1438 2029 cdd

95 2044 115 2074 6
142 2041 221 2074 tum
246 2042 398 2084 repente
425 2041 546 2084 Luetj
647 2044 689 2074 10
722 2040 854 2085 inpura
881 2042 929 2084 φ1
1027 2041 1089 2087 ad]
1117 2052 1160 2075 ac
1180 2042 1244 2085 Fcp
1280 2043 1391 2084 atque
1419 2042 1441 2075 ὃ

94 2086 278 2121 masculos
305 2087 352 2121 F2
359 2096 389 2130 φ
427 2087 593 2122 maculos
626 2087 671 2121 F1
708 2088 887 2123 mustelas
920 2090 942 2122 ὃ
978 2088 1164 2123 musculos
1190 2089 1230 2123 E.
1258 2090 1302 2131 cf.
1326 2092 1403 2122 152
1419 2092 1438 2121 3

99 2138 140 2168 14
165 2145 340 2188 sompnus
367 2143 397 2177 φ
430 2136 475 2178 ef.
505 2138 559 2169 11.
575 2138 618 2169 26
741 2139 782 2169 15
816 2136 1009 2170 baratrum
1035 2150 1062 2179 φ
1186 2136 1279 2181 16<
1256 2135 1358 2182 (de)
1385 2147 1441 2169 777-

95 2183 192 2216 serm?
217 2183 262 2225 cf.
286 2185 400 2216 1216
476 2186 517 2216 19
545 2182 740 2216 comodum
767 2196 794 2226 φ
869 2187 911 2217 21
940 2194 1072 2217 accuio
1092 2183 1176 2227 Fcpl
1208 2184 1331 2217 amoto
1358 2182 1441 2225 Faepl

97 2232 140 2262 22
181 2228 277 2275 (ut)
318 2234 350 2264 et
388 2229 712 2276 <comparebant>
757 2231 898 2265 inserui
940 2241 1194 2274 quaecumque
1233 2241 1302 2274 pro
1346 2239 1441 2272 quae

96 2277 229 2356 cungta
263 2277 345 2321 Iegfl't
377 2277 516 2312 Cornel.
615 2280 659 2310 24
691 2276 818 2312 exffnis
850 2278 949 2322 ang
992 2277 1176 2312 hesterius
1209 2278 1231 2311 ὃ
1328 2280 1369 2310 27
1404 2277 1441 2310 et

95 2333 129 2356 ei
190 2334 214 2366 g
