1539 2556
592 93 878 128 PRAEFATIO.
1337 94 1403 129 XV

59 194 173 244 siglis
211 194 436 232 accuratius
476 193 729 243 distinguere
759 193 978 243 noluimus,
1010 194 1087 231 nisi
1120 195 1226 244 quod
1264 195 1401 233 sedulo

55 253 338 302 iudicauimus,
375 252 445 290 ubi
477 264 501 290 a
530 252 659 302 prima
695 265 833 302 manu,
866 253 932 290 uel
965 265 988 290 a
1024 266 1146 290 manu
1184 254 1302 291 ualde
1340 267 1399 291 re-

58 313 164 350 centi
200 312 390 350 correctio
430 311 611 361 profecta
648 323 732 349 esse
770 311 986 349 uideretur.
1043 311 1206 350 Praeter
1236 313 1399 350 Floren-

56 372 163 409 tinos
195 371 332 409 sedulo
365 371 519 408 excussi
550 370 723 408 codicem
748 370 993 420 Leidensem,
1026 371 1096 420 qui
1128 371 1274 409 dicitur
1297 372 1402 409 Dor-

58 431 257 468 uillianus.
288 424 470 467 Eundem
484 429 564 466 iam
579 429 761 467 adhibuit
777 428 1093 479 Oudendorpius.
1125 430 1241 468 Hunc
1255 431 1402 468 librum

57 489 346 526 Ruhnkehnius
389 488 429 525 in
473 483 764 541 praefationel)
812 489 997 526 editionis
1043 488 1401 538 Oudendorpianae

58 548 182 586 refert
208 547 258 585 ad
283 548 488 585 saeculum
513 547 620 585 XIII.
657 547 844 586 Continet
868 547 1208 597 Metamorphoses
1236 551 1275 585 et
1295 549 1401 597 Apo-

56 606 205 656 logiam
239 606 425 644 bifariam
457 606 638 644 diuisam.
688 607 814 645 Deest
844 606 946 644 liber
976 607 995 644 I
1026 607 1401 656 Metamorphoseon

55 668 216 715 praeter
252 666 436 703 ultimam
472 665 672 715 paginam.
730 665 861 704 Habet
896 666 994 704 folia
1035 668 1114 704 151
1156 667 1401 716 „scripturae

58 725 270 763 continuae
295 737 487 762 uersuum
511 725 764 775 tricenorum,
791 738 881 763 cum
906 725 976 774 qu
985 739 1027 775 g,
1055 726 1157 763 alter
1183 724 1401 775 Gudianus,

57 783 291 821 Dresdensis
336 784 483 833 aliique
528 784 621 821 libri
665 796 711 821 ex
747 784 778 821 F
825 785 997 822 deriuati
1040 784 1153 822 binas
1197 786 1402 822 columnas

56 840 254 880 habeant“
288 837 540 895 (Rossbach).
596 843 741 880 Rarius
780 846 979 882 correctus
1012 846 1082 881 est.
1138 843 1184 880 In
1223 844 1400 893 margine

57 902 159 940 duae
191 902 351 951 quidem
382 902 564 940 diuersae
589 915 742 952 manus,
776 916 945 952 quarum
977 903 1105 940 altera
1136 903 1233 940 satis
1264 915 1401 940 recens

59 963 136 1010 est,
169 961 329 999 notulas
363 963 646 1011 exarauerunt,
680 961 824 1011 quibus
857 963 924 999 uel
951 964 1234 1011 argumentum
1264 975 1400 999 narra-

58 1020 180 1058 tionis
211 1020 428 1070 indicatur,
460 1021 576 1058 uelut
606 1021 776 1071 „celeste
807 1018 1039 1072 palatium“,
1072 1021 1218 1071 „uerba
1249 1021 1401 1070 cupidi-

55 1079 117 1117 nis
148 1079 189 1116 in
220 1076 418 1130 psichen“,
450 1081 517 1117 uel
541 1080 702 1117 nomina
726 1081 888 1129 propria
913 1083 1163 1130 repetuntur,
1194 1081 1261 1117 uel
1287 1081 1401 1118 uaria

55 1140 127 1176 aut
159 1139 368 1176 emendata
392 1139 512 1177 lectio
538 1139 739 1176 indicatur
764 1140 881 1177 uelut
905 1142 1018 1183 serta,
1050 1140 1119 1177 ubi
1139 1140 1179 1176 in
1199 1141 1314 1177 textu
1341 1141 1401 1176 est

54 1208 138 1234 rose
161 1192 226 1234 c⁷ta
252 1199 292 1234 et
317 1198 494 1235 dedidere
520 1198 588 1234 ubi
614 1200 747 1235 textus
774 1198 895 1236 habet
921 1199 1064 1236 dedere.
1103 1199 1279 1236 Notulae
1306 1201 1400 1235 sunt

56 1256 264 1305 aliquanto
296 1256 586 1305 frequentiores
618 1256 658 1293 in
689 1256 783 1294 libb.
816 1257 863 1306 V,
894 1256 952 1294 VI
985 1259 1023 1295 et
1054 1258 1100 1295 X.
1154 1257 1295 1294 Manus
1328 1257 1400 1294 illa

53 1315 252 1352 recentior
282 1315 308 1352 f.
337 1316 391 1353 30
423 1329 452 1352 r.
479 1316 519 1351 in
552 1315 659 1352 calce
690 1316 860 1364 paginae
888 1316 1062 1365 scripsit:
1087 1316 1220 1363 psicho
1251 1328 1399 1353 sorores

53 1376 101 1410 3⁷¹²
132 1373 270 1411 Bocam
303 1374 348 1411 de
376 1386 506 1421 §enom
540 1374 696 1411 deorum.
735 1374 795 1412 V'0
825 1378 916 1412 sunt
953 1376 1172 1422 Veyeiatma
1209 1377 1242 1412 et
1271 1375 1398 1413 Sensi-

52 1468 146 1505 tz'ua.
176 1467 360 1515 parentes
391 1471 441 1505 115
472 1468 596 1515 apollo
629 1470 663 1505 ez*
691 1467 937 1506 Emleleelzia.
987 1467 1126 1516 Apollo
1165 1437 1308 1516 ἱφῃῖᾗΐαῖ
1331 1470 1399 1507 sol.

52 1539 256 1585 sapientia.
283 1539 385 1576 (leus.
414 1539 625 1576 endelechia
641 1542 709 1576 aut
723 1540 859 1587 pfccta
874 1542 962 1577 etas.
997 1540 1097 1587 Quia
1118 1535 1232 1590 (nonz
1253 1535 1398 1592 qualis)

52 1598 96 1634 in
107 1597 200 1644 pst&
220 1600 313 1635 etate
333 1601 393 1635 αῖὲ
411 1598 514 1645 uiget
531 1610 658 1644 opera.
695 1598 845 1635 Eadem
872 1611 1013 1636 manus
1033 1599 1074 1636 in
1094 1599 1200 1636 calce
1220 1613 1256 1648 p.
1269 1601 1398 1637 11611.

55 1656 214 1705 scripsit
238 1657 461 1694 uersionem
482 1657 667 1694 Latinam
693 1670 884 1695 uersuum
910 1658 1100 1708 Platonis,
1128 1658 1197 1708 qui
1222 1659 1262 1695 in
1290 1659 1396 1707 Apo-

53 1715 163 1765 logia
173 1709 206 1768 2)
240 1716 426 1766 citantur,
453 1728 523 1753 nec
543 1729 621 1753 non
641 1729 789 1767 eorum,
817 1717 884 1766 qui
909 1717 1017 1766 apud
1036 1717 1257 1767 Diogenem
1278 1717 1398 1755 Laer-

52 1773 155 1811 tium
186 1777 473 1813 memorantur:

171 1855 293 1895 Asz‘ra
323 1858 448 1902 uides,
480 1859 630 1895 ulmam
659 1859 770 1904 fiam,
803 1860 857 1895 mi
887 1859 1023 1906 sydus,
1057 1860 1230 1907 olympus

230 1920 274 1954 ut
301 1918 431 1954 multis
462 1919 516 1954 sic
548 1919 581 1953 te
612 1918 822 1955 luminibus
852 1919 1017 1955 itidemst.

171 1975 334 2022 Lucifer
364 1979 452 2013 ante
480 1988 587 2013 meus
616 1977 784 2014 rutilans
812 1978 1039 2014 mortalilms
1071 1980 1172 2014 aster

230 2035 430 2082 Hesperus
461 2047 486 2072 α
515 2036 595 2082 fato
625 2037 805 2074 ‘inanibus
837 2048 915 2073 ecce
947 2038 1053 2075 «nites.

151 2182 186 2226 1)
210 2194 245 2227 p.
260 2182 304 2217 X.
325 2182 369 2218 cf.
391 2183 554 2217 Bosscha
573 2182 612 2216 in
625 2183 761 2227 Apulei
776 2183 1081 2228 Oudendorpiani
1101 2184 1173 2219 uol.
1189 2184 1239 2217 HI
1258 2195 1292 2228 p.
1309 2186 1393 2226 5403

53 2228 286 2264 Hildebrand
322 2242 356 2274 p.
378 2230 526 2274 LXXII3
564 2230 766 2265 Rossbach.
804 2231 907 2266 Neue
945 2232 1073 2267 Jahrb.
1106 2232 1129 2266 f.
1156 2231 1251 2265 Phil.
1293 2234 1392 2265 1895.

55 2279 122 2310 572
151 2287 234 2311 ann.
255 2281 287 2312 4.

149 2326 183 2368 2)
213 2324 257 2359 cf.
285 2324 487 2360 editionem
512 2325 804 2370 Kruegerianam
828 2338 862 2371 p.
886 2331 938 2361 16.
962 2330 1015 2360 17.
