1591 2556
44 449 60 473 5

23 744 57 768 10

22 1038 55 1063 15

21 1334 55 1358 20

20 1629 53 1654 25

547 95 647 132 CAP.
673 96 961 152 XVII-XVHH
1369 98 1422 139 15

79 208 155 247 per
180 193 392 234 somnium
418 192 603 247 iugulari
628 192 747 233 uisus
774 207 878 233 sum.
922 206 1004 234 non
1029 193 1135 235 nihil
1154 195 1277 236 ctiam
1303 194 1421 249 iugu-

79 252 169 293 lum
207 252 337 293 istum
379 251 494 292 dolui
532 254 574 292 et
611 266 683 292 cor
720 251 861 306 ipsum
893 251 999 292 mihi
1040 252 1165 293 auelli
1199 254 1349 307 putaui
1381 257 1423 296 et

79 326 191 352 nunc
223 311 350 353 etiam
382 310 534 364 spiritu
567 310 739 351 deficior
771 313 813 352 et
845 324 982 365 genua
1014 312 1182 364 quatior
1214 315 1255 353 et
1288 313 1420 367 gradu

80 371 220 412 titubo
252 372 294 411 et
319 369 481 423 aliquid
512 369 676 411 cibatus
702 369 932 411 refouendo
960 370 1113 423 spiritu
1140 371 1359 412 desidero?

164 429 262 470 ‘En'
288 429 461 482 inquam
488 428 698 482 eparatum
719 429 798 469 tibi
820 428 938 470 adest
958 429 1232 470 ientaculum’
1259 433 1300 470 et
1326 445 1420 472 cum

81 489 192 529 dicto
224 487 452 529 manticam
482 502 618 529 meam
650 502 793 530 umero
826 502 952 541 exuo,
985 502 1153 529 caseum
1186 503 1281 529 cum
1314 504 1420 542 pane

77 561 255 601 propere
296 547 334 588 ei
373 547 545 601 porrigo
590 550 632 588 et
670 547 805 588 ‘iuxta
845 547 1064 601 platanum
1102 548 1229 588 istam
1268 549 1420 590 resida-

77 606 188 647 mus'
220 606 298 647 aio.

144 663 324 706 XVIIII.
347 664 438 714 Quo
452 664 563 706 facto
573 668 615 706 et
625 665 714 720 ipse
729 664 889 719 aliquid
903 665 1088 706 indidem
1103 680 1224 707 sumo
1241 681 1420 721 eumque

77 724 199 766 auide
231 724 454 766 esitantem
487 724 642 778 aspicio
674 723 890 778 aliquanto
922 724 1148 767 intentiore
1174 726 1261 766 acie
1293 729 1419 780 atque

76 783 236 838 pallore
255 783 393 824 buxeo
415 783 678 825 deficientem
704 783 839 825 uideo.
872 783 933 824 sic
959 783 1138 838 denique
1160 800 1255 825 eum
1276 785 1420 826 uitalis

76 842 192 884 color
223 842 470 884 turbauerat
500 845 548 884 ut
573 842 691 897 mihi,
723 845 951 883 nocturnas
984 843 1110 883 etiam
1142 843 1292 885 Furias
1324 844 1419 885 illas

76 902 345 957 imaginanti,
374 916 481 954 prae
516 906 624 943 metu
660 901 891 942 frustulum
930 902 1050 956 panis
1084 903 1197 956 quod
1234 904 1419 957 primum

76 975 351 1015 sumpseram,
383 961 578 1015 quamuis
611 961 837 1001 admodum
869 961 1082 1002 modicum
1108 962 1258 1003 mediis
1291 962 1419 1004 fauci-

75 1019 155 1061 bus
187 1019 426 1061 inhaereret
458 1035 505 1061 ac
536 1035 672 1074 neque
705 1020 902 1061 deorsum
935 1020 1126 1062 demeare
1163 1036 1298 1076 neque
1332 1037 1419 1063 sur-

76 1094 169 1120 sum
189 1094 375 1120 remeare
394 1082 549 1134 posset.
582 1094 679 1120 nam
700 1082 741 1120 et
761 1079 964 1120 crebritas
984 1080 1076 1133 ipsa
1091 1081 1419 1122 commeantium

75 1141 236 1179 metum
267 1138 373 1179 mihi
406 1138 659 1180 cumulabat.
722 1138 817 1192 quis
857 1138 968 1178 enim
1007 1138 1056 1180 de
1090 1139 1254 1180 duobus
1293 1141 1418 1181 comi-

75 1199 166 1237 tum
211 1197 390 1238 alterum
433 1198 522 1238 sine
567 1196 741 1238 alterius
786 1211 896 1238 noxa
926 1200 1163 1251 peremtum
1203 1199 1418 1240 crederet?

75 1270 223 1296 uerum
256 1256 339 1310 ille,
370 1259 419 1296 ut
457 1256 559 1296 satis
599 1256 923 1297 detruncauerat
961 1256 1120 1311 cibum⁷
1152 1258 1270 1299 sitire
1302 1259 1417 1312 inpa-

75 1315 231 1356 {flenter
262 1317 467 1369 coeperat.
530 1329 627 1355 nan]
659 1317 701 1356 et
733 1315 884 1369 optnni
917 1316 1026 1356 casei
1067 1316 1221 1357 bonann
1252 1321 1417 1371 parten]

75 1374 197 1415 auide
239 1374 517 1415 deuorauerat
557 1377 598 1414 et
637 1373 751 1414 Haud
791 1374 851 1414 ita
890 1374 1016 1429 longe
1054 1375 1214 1416 radices
1255 1376 1417 1430 Istatani

74 1432 182 1474 lenis
214 1433 370 1474 fluuius
408 1433 452 1474 in
485 1433 666 1486 speciem
699 1432 888 1486 placidae
920 1433 1086 1486 paludis
1113 1435 1294 1489 ignauus
1327 1436 1416 1476 ibat

75 1494 249 1547 argento
287 1492 357 1533 uel
394 1492 507 1532 uitro
547 1491 736 1532 aemulus
778 1492 821 1532 in
860 1491 1054 1533 colorem.
1117 1493 1200 1534 ‘en’
1242 1494 1414 1548 inquam

75 1550 258 1605 ‘explere
289 1550 414 1592 latice
445 1551 577 1591 fontis
608 1550 772 1591 lacteo.’
823 1551 1015 1606 adsurgit
1047 1552 1117 1593 ille
1145 1555 1186 1593 et
1213 1556 1415 1607 oppertus

73 1610 293 1663 paululum
342 1609 576 1664 planiorem
620 1610 735 1664 ripae
779 1610 1013 1664 marginem
1058 1611 1327 1665 complicitus
1372 1613 1415 1653 in

74 1682 211 1723 genua
242 1669 448 1723 adpronat
474 1684 517 1710 se
544 1669 692 1710 auidus
719 1669 932 1710 adfectans
958 1670 1168 1723 poculum.
1213 1686 1289 1712 nec
1315 1672 1414 1713 dum

168 1800 185 1830 1
220 1796 390 1831 nonnihil
423 1796 537 1832 etiam
566 1798 695 1841 scripsi
725 1797 820 1831 nihil
851 1808 938 1831 nam
970 1799 1008 1832 et
1039 1799 1116 1833 cdd.
1152 1798 1248 1832 nihil
1273 1810 1347 1833 non
1373 1799 1412 1834 Ε.

73 1846 93 1877 5
125 1842 357 1878 iantaculum
389 1857 416 1888 φ
449 1846 569 1889 (prior
594 1855 615 1878 a
642 1845 681 1878 in
706 1847 790 1889 ras.)
910 1846 991 1879 tum
1016 1859 1043 1889 φ
1159 1850 1178 1880 6
1211 1846 1415 1880 manticam

71 1901 192 1924 meam
216 1891 282 1936 Vg
307 1891 381 1926 Pet.
425 1891 590 1935 mantica
615 1902 698 1926 mea
729 1891 840 1936 quE.
952 1894 1092 1938 umero]
1125 1893 1277 1928 humero
1310 1893 1414 1937 quV

71 1939 217 1983 reliquis
243 1939 328 1974 locis
352 1938 380 1972 F
406 1943 528 1974 seruat
552 1939 769 1983 scripturam
794 1950 958 1983 umerus3
986 1951 1130 1974 umeros
1158 1940 1197 1975 E.
1230 1942 1274 1984 cf.
1306 1941 1411 1976 Ouid.

72 1985 160 2020 Met.
187 1985 230 2020 Π.
251 1988 320 2019 419
419 1989 462 2020 10
497 1985 637 2030 aspicio
663 1987 792 2031 scripsi
823 1986 1008 2031 aspiciens
1035 1988 1113 2022 cdd.
1212 1987 1412 2022 intentiore

72 2031 151 2066 acie
182 2033 311 2078 scripsi
341 2044 421 2068 cum
445 2033 479 2067 V
522 2032 761 2068 intentiorem
792 2033 871 2068 acie
904 2034 931 2068 F
974 2034 1214 2069 intentiorem
1240 2035 1358 2069 aciem
1384 2049 1411 2079 φ

70 2078 250 2114 intentior
273 2079 392 2114 macie
419 2092 498 2116 cum
525 2080 615 2115 ΟΜΖ.
642 2080 682 2115 Ε.
708 2080 909 2115 intentiore
934 2081 1053 2116 macie
1080 2082 1155 2117 Pet.
1256 2086 1297 2116 13
1323 2093 1411 2126 prae

69 2128 171 2161 metu
207 2128 417 2172 transposui
448 2132 530 2172 post
567 2127 808 2172 imaginanti;
840 2128 932 2162 mihi
958 2140 1046 2173 prae
1078 2132 1179 2163 metu
1211 2131 1410 2163 nocturnas

1156 2185 1169 2204 S
1208 2185 1223 2203 Θ

69 2197 147 2232 cdd.
247 2202 288 2232 16
324 2198 504 2233 crebritas
536 2198 588 2232 V2
622 2198 712 2234 Oud.
745 2199 911 2234 breuitas
944 2201 1021 2235 cdd.
1125 2201 1351 2236 comantium
1383 2200 1410 2233 F

137 2252 276 2276 poss

71 2281 124 2361 118Z
142 2280 274 2362 ·tseretu
299 2280 327 2315 F
407 2282 639 2326 peremptum
665 2295 691 2326 φ
718 2282 759 2316 Ε.
840 2286 883 2317 24
911 2282 1080 2327 adsurgit
1106 2283 1189 2328 Ftpl
1220 2283 1283 2317 ille
1310 2284 1350 2318 in
1377 2283 1416 2317 F

69 2338 83 2361 c
94 2338 110 2361 e
126 2338 142 2362 c
159 2338 219 2361 um
