1591 2556
152 81 172 120 1
180 80 234 121 88
705 81 833 115 LIBRI
859 80 944 115 VIII

151 176 282 217 rabat.
344 191 419 217 nec
452 179 593 217 tamen
625 177 752 218 latuit
785 177 912 218 fidam
944 192 1118 219 uxorem
1151 177 1240 218 eius
1273 192 1393 219 casus
1425 192 1492 219 ex-

151 238 312 276 tremus
344 235 486 275 mariti
519 235 592 276 sed
622 236 837 277 funestum
871 236 1028 277 nodum
1057 236 1265 278 uiolenter
1290 236 1493 278 inuadens

153 294 348 335 inanibus
381 294 585 334 ambabus
618 295 806 336 ‘adeone'
837 296 977 349 inquit
1010 296 1235 349 “praesenti
1266 295 1377 336 malo
1403 310 1493 349 per-

152 353 326 394 territus
358 356 498 394 mente
531 353 726 394 excidisti
757 357 831 395 tua
862 369 937 395 nec
968 354 1192 395 fortuitum
1225 354 1338 395 istud
1364 369 1492 396 reme-

152 412 280 467 dium,
319 412 431 466 quod
464 412 587 453 deum
631 413 898 466 prouidentia
941 413 1253 467 subministrat,
1291 413 1498 454 intueris?
1531 430 1553 456 5

152 486 248 511 nam
282 471 422 525 siquid
454 471 497 511 in
536 470 688 512 ultimo
719 472 913 513 fortunae
951 472 1120 513 turbine
1157 472 1389 526 resipiscis,
1427 487 1493 513 ex-

152 530 316 584 pergite
347 530 406 570 mi
439 529 630 571 ausculta
662 534 704 572 et
736 531 939 572 aduenam
973 532 1101 572 istum
1135 531 1299 572 asinum
1331 534 1493 585 remoto

153 589 335 643 quodam
367 588 460 630 loco
494 588 719 630 deductum
752 590 898 645 iugula
928 590 1148 644 femusque
1181 591 1271 632 eius
1304 590 1355 630 ad
1381 590 1494 631 simi-

153 648 376 688 litudinem
408 648 563 701 perditi
602 648 893 690 detrmzcatum
928 652 969 690 et
1001 649 1235 690 accuratius
1268 648 1311 690 in
1343 649 1494 703 protri-

153 707 308 748 mentis
342 707 622 760 sapidissimis
658 711 900 761 percoctum
934 708 1095 761 adpone
1129 708 1298 749 domino
1337 707 1495 749 ceruini
1515 724 1556 749 io

152 781 300 807 uicem.

241 825 297 879 [p.
326 824 419 865 155.
445 824 514 879 E]
546 824 821 879 Nequissimo
843 826 1065 866 uerberoni
1101 841 1175 866 sua
1196 825 1356 879 placuit
1383 824 1496 866 salus

154 884 202 925 de
234 898 327 925 mea
353 887 489 925 morte
522 887 564 924 et
594 884 776 925 multum
810 899 1034 926 conseruae
1066 885 1236 925 laudata
1267 884 1496 939 sagacitate

154 943 386 984 destinatae
419 943 502 983 iam
534 942 724 984 lanienae
756 943 915 984 cultros
948 944 1133 985 acuebat.

614 1134 651 1179 L
666 1133 689 1178 I
703 1134 742 1178 Β
756 1133 795 1179 Ε
810 1134 851 1179 R
888 1133 1028 1180 VIIII
1518 1159 1557 1184 15.

243 1236 273 1277 I.
317 1235 386 1278 Sic
418 1236 489 1278 ille
521 1237 806 1291 nequissimus
846 1237 1032 1277 carnifex
1070 1239 1215 1278 contra
1251 1251 1318 1278 me
1349 1250 1499 1277 manus

154 1296 306 1350 impias
341 1296 599 1350 obarmabat,
632 1300 674 1337 at
707 1310 784 1351 ego
810 1296 1115 1350 praecipitante
1142 1295 1365 1337 consilium
1390 1295 1498 1350 peri-

155 1355 239 1396 culi
272 1356 381 1396 tanti
413 1355 651 1409 praesentia
682 1370 757 1396 nec
791 1358 1011 1409 expectata
1045 1355 1209 1395 diutina
1241 1354 1498 1409 cogitatione

154 1414 364 1455 lanienam
403 1414 694 1455 imminentem
733 1414 835 1468 fuga
879 1414 1013 1455 uitare
1052 1414 1182 1455 statui
1219 1414 1499 1468 protinusque

155 1473 339 1527 uinculo7
372 1488 454 1527 quo
487 1473 649 1514 fueram
683 1473 904 1528 deligatus⁷
937 1473 1116 1526 abrupto
1151 1487 1274 1513 cursu
1307 1487 1373 1513 me
1405 1486 1498 1526 pro·
1519 1468 1584 1514 ω’

155 1533 264 1586 ripio
297 1532 400 1572 totis
432 1532 621 1586 pedibus,
654 1532 705 1572 ad
737 1532 914 1573 tutelam
947 1531 1096 1573 salutis
1129 1531 1285 1572 crebris
1315 1531 1498 1572 calcibus

156 1591 371 1645 uehtatus,
403 1591 584 1644 ilicoque
610 1606 688 1645 me,
720 1591 874 1645 raptim
907 1594 1147 1632 transcursa
1182 1590 1376 1644 proxima
1406 1604 1498 1644 por-

158 1650 255 1704 ticu,
288 1649 486 1703 triclinio⁷
512 1650 555 1690 in
582 1665 664 1703 quo
699 1650 894 1691 dominus
927 1650 1094 1691 aedium
1124 1649 1376 1690 sacrificales
1402 1663 1498 1703 epu-

155 1709 218 1750 las
251 1724 346 1750 cum
379 1709 668 1750 sacerdotibus
701 1709 799 1750 deae
835 1709 1063 1762 cenitaloat⁷
1101 1709 1394 1750 incunctanter
1424 1708 1498 1749 im-
1590 1762 1591 1765 Ἴ

156 1768 281 1809 mitto
308 1783 384 1809 nec
410 1782 543 1821 pauca
569 1783 708 1809 rerum
736 1768 961 1822 adparatus
988 1768 1146 1822 cibarii,
1178 1782 1344 1809 mensas
1370 1766 1496 1808 etiam
1518 1782 1555 1809 25

157 1828 318 1881 impetu
344 1841 437 1868 meo
466 1826 617 1868 collido
640 1830 765 1881 atque
793 1827 997 1868 disturbo.
1048 1841 1130 1881 qua
1155 1841 1294 1868 rerum
1321 1825 1499 1867 deformi

158 1889 299 1940 strage
336 1886 640 1940 paterfamilias
673 1888 926 1940 commotus,
958 1888 1006 1926 ut
1044 1886 1334 1939 importunum
1373 1888 1498 1938 atque
1543 1921 1546 1924 .
1590 1902 1591 1921 2

157 1945 364 1986 lasciuum
402 1960 469 1986 me
515 1945 679 1985 cuidam
722 1945 881 1986 famulo
927 1945 1090 1986 curiose
1134 1944 1338 1985 traditum
1383 1946 1497 1985 certo
1586 1935 1587 1946 ¹

1582 1306 1583 1319 η

1582 1385 1583 1404 l

1582 1413 1584 1435 l

1582 1439 1584 1453 1

253 2099 273 2129 9
301 2095 561 2129 detruncatum
587 2096 711 2131 Rohde
747 2095 996 2130 detractatum
1022 2096 1098 2130 cdd.
1126 2095 1169 2138 cf.
1192 2095 1280 2129 Luc.
1302 2095 1407 2129 Asin.
1429 2097 1498 2128 608

157 2142 222 2177 τὸν
248 2142 364 2187 μηρὸν
389 2142 582 2186 ἀποτεμὼν
658 2146 700 2176 10
728 2142 974 2187 sapidissimis
1000 2143 1129 2187 scripsi
1154 2142 1197 2185 ef.
1227 2145 1303 2176 189.
1320 2145 1363 2175 25
1399 2140 1497 2185 sapi·

159 2189 309 2224 dissime
348 2190 425 2224 cdd.
555 2194 597 2223 14
637 2190 825 2224 destinata
862 2190 961 2233 F¹q>¹
1080 2188 1156 2222 iam
1193 2188 1233 2222 E.
1279 2188 1393 2223 etiam
1417 2189 1495 2223 edd.

161 2240 272 2271 16.17
307 2247 391 2271 suas
422 2236 555 2281 impias
589 2245 618 2279 φ
693 2237 848 2271 consilio
880 2236 926 2270 Ρ2
1000 2241 1042 2270 25
1076 2239 1158 2280 post
1195 2235 1309 2269 etiam
1347 2236 1498 2271 deletum
1588 2245 1591 2273 ὴ

157 2318 240 2352 gen3
266 2309 305 2342 ‘in
331 2307 395 2351 Fcp
493 2310 535 2341 26
563 2292 698 2342 cz‘illido
726 2316 755 2350 φ
1588 2280 1591 2354 1
