1591 2556
614 88 713 123 CAP.
740 84 906 122 VIII—X
1350 88 1432 129 195

93 185 465 239 curruntequites
506 199 712 240 aegreque
753 183 939 225 cohibita
983 198 1188 237 equorum
1233 184 1432 226 curriculi

90 244 220 299 rabie,
250 243 476 285 Philebum
503 247 747 298 ceterosque
773 243 948 284 comites
982 243 1071 283 eius
1098 242 1292 284 inuolant
1318 244 1431 285 auidi

93 302 285 357 colloque
323 303 550 344 constricto
592 305 634 344 et
673 301 901 356 sacrilegos
939 302 1213 356 impurosque
1252 303 1431 356 compel—

91 362 226 403 lantes
265 362 476 403 interdum
513 362 668 417 pugnis
701 361 983 402 obuerberant
1020 375 1097 402 nec
1133 375 1217 401 non
1256 362 1431 403 manicis

56 438 71 463 5
93 421 220 462 etiam
253 424 426 462 cunctos
459 423 650 462 coartant
681 423 723 462 et
754 419 983 461 identidem
1012 420 1212 474 urguenti
1239 435 1430 462 sermone

91 480 387 534 comprimunt,
412 483 654 534 promerent
678 479 820 533 potius
847 494 1019 520 aureum
1047 478 1308 534 cantharum,
1338 494 1431 533 pro-

89 541 253 580 merent
285 542 646 580 auctoramentum
684 537 789 579 illud
827 538 893 579 sui
927 538 1116 592 sceleris,
1155 539 1266 592 quod
1304 539 1431 580 simu-

89 597 248 639 latione
285 597 566 651 sollemnium,
607 612 712 652 quae
750 598 794 638 in
835 600 982 651 operto
1020 597 1334 648 factitatum-‚ant
1377 598 1428 639 ab

89 657 194 711 ipsis
218 656 514 711 puluinaribus
539 656 689 698 Matris
716 656 839 697 deum
867 656 1057 697 clanculo
1084 656 1225 711 furati,
1256 672 1430 710 prorsus

37 734 71 759 ιο
91 716 211 770 quasi
243 719 417 770 possent
443 716 550 757 tanti
577 715 776 757 facinoris
804 715 978 756 euadere
1005 715 1272 769 supplicium,
1304 717 1433 757 tacita

90 775 350 829 profectione
395 775 530 816 adhuc
572 775 664 816 luce
709 775 835 816 dubia
878 775 1113 828 pomerium
1156 775 1430 828 peruaserint.

90 833 140 875 X.
174 849 249 875 nec
281 834 416 875 defuit
448 834 538 888 qui,
575 849 702 875 manu
734 849 860 888 super
892 834 1063 875 dorsum
1094 848 1236 874 meum
1268 834 1432 888 iniecta,

91 893 135 934 in
166 894 259 947 ipso
293 893 391 934 deae
424 908 549 947 quam
588 893 784 948 gerebam
822 893 982 948 gremio
1022 896 1250 946 scrutatus,
1288 908 1431 947 reppe-

90 953 193 993 riret
225 956 350 1006 atque
381 952 568 993 incoram
607 952 795 993 omnium
835 967 1007 993 aureum
1044 952 1308 1006 depromeret
1340 967 1431 993 can-

37 1029 70 1053 15
90 1011 271 1052 tharum.
333 1026 408 1052 nec
446 1012 528 1052 isto
567 1011 716 1052 saltem
748 1015 835 1053 tam
867 1011 1027 1053 nefario
1061 1011 1215 1052 scelere
1248 1011 1430 1065 impura-

89 1070 255 1112 tissima
285 1069 359 1111 illa
390 1071 529 1124 capita
554 1071 764 1111 confutari
790 1071 992 1111 terreriue
1017 1073 1192 1124 potuere
1219 1070 1292 1111 sed
1317 1085 1430 1111 men-

90 1129 191 1171 doso
200 1130 288 1170 risu
300 1129 547 1170 cauillantes
556 1129 639 1170 ‘en'
647 1129 846 1184 inquiunt
855 1129 1068 1184 ‘indignae
1076 1129 1137 1170 rei
1146 1129 1430 1184 scaeuitatem,

90 1203 173 1242 qua
197 1188 446 1242 plerumque
471 1188 660 1230 insontes
686 1188 980 1242 periclitantur
1005 1188 1216 1229 homines!
1256 1192 1429 1242 propter

0 1295 1 1299 Ἰ
89 1247 261 1288 unicum
294 1247 520 1302 caliculum,
553 1262 677 1302 quem
710 1247 834 1289 deum
859 1247 996 1288 Mater
1029 1248 1163 1288 sorori
1190 1262 1289 1288 suae
1315 1247 1428 1289 Deae

0 1307 1 1320 ¹
35 1323 70 1347 20
91 1304 237 1359 Syriae
269 1306 479 1360 hospitale
510 1321 664 1347 munus
696 1306 864 1360 optulit,
896 1308 994 1359 <ut>
1028 1307 1177 1347 noxios
1210 1306 1428 1361 religionis

88 1365 300 1406 antistites
333 1365 385 1406 ad
416 1365 641 1407 discrimen
673 1366 815 1407 uocari
848 1366 1032 1419 capitis?

174 1423 290 1465 Haec
322 1427 363 1465 et
400 1423 503 1465 alias
541 1424 692 1466 similis
731 1424 903 1465 afannas
934 1424 1093 1466 frustra
1125 1424 1427 1465 adblaterantis

87 1497 157 1524 eos
196 1483 252 1537 [p.
279 1483 373 1524 161.
399 1482 467 1537 E]
505 1486 715 1525 retrorsus
754 1484 967 1524 abducunt
1004 1483 1160 1538 pagani
1197 1484 1426 1538 statimque

86 1541 253 1583 uinctos
283 1542 328 1583 in
359 1541 601 1583 Tullianum
640 1543 904 1597 conpingunt
941 1542 1227 1596 cantharoque
1260 1546 1301 1583 et
1333 1543 1425 1597 ipso

34 1617 67 1642 25
87 1600 323 1655 simulacro,
355 1601 467 1655 quod
499 1602 707 1656 gerebam,
740 1602 852 1656 apud
882 1602 969 1643 fani
1002 1602 1223 1643 donarium
1248 1602 1425 1643 redditis

87 1674 133 1701 ac
165 1661 436 1714 consecratis,
474 1660 605 1702 altera
643 1661 708 1702 die
739 1661 992 1715 productum
1023 1676 1090 1702 me
1122 1675 1290 1702 rursum
1323 1675 1426 1702 uoce

183 1780 212 1810 1.
228 1779 247 1809 2
274 1775 447 1810 curriculi
466 1776 570 1811 rabie
589 1777 654 1821 sz
680 1777 818 1811 curruli
836 1776 940 1812 rabie
961 1777 1035 1811 ὃΕ.
1056 1778 1165 1822 uulyo
1229 1781 1248 1811 5
1271 1779 1422 1811 cunctos

85 1822 148 1866 Fcp
175 1823 319 1857 uinctos
345 1835 425 1858 cum
443 1824 619 1859 Vuzecmio
644 1824 684 1858 E.
759 1828 779 1858 6
805 1824 929 1869 potius
954 1825 1032 1859 cdd.
1066 1824 1167 1859 ocius
1188 1825 1358 1859 Beroald.
1380 1824 1420 1859 E.

87 1897 130 1926 12
167 1879 280 1938 manig
304 1893 332 1927 F
374 1905 486 1928 manu
512 1908 540 1939 φ
639 1898 751 1929 16.17
783 1895 958 1929 mendoso
984 1895 1062 1930 cdd.
1109 1907 1194 1929 num
1218 1896 1292 1938 fuit
1324 1906 1424 1929 men-

85 1939 183 1975 tito?
213 1942 258 1984 cf.
287 1944 363 1977 161.
381 1945 424 1975 24
532 1942 732 1976 seuitatem
764 1943 824 1986 φὸ
932 1945 975 1976 18
1012 1953 1086 1986 qua
1116 1941 1333 1986 plerumque
1366 1942 1425 1976 Fa

85 1998 197 2030 quam
220 1988 438 2032 plerumque
464 2002 491 2032 φ
525 2000 637 2032 quam
661 1988 828 2033 plerique
854 1989 893 2024 E.
971 1993 1012 2024 19
1039 1988 1238 2023 caliculum
1259 2003 1286 2033 φ
1312 2002 1378 2035 my.
1395 1989 1423 2022 F

85 2035 305 2069 cantharum
336 2035 364 2069 F
408 2038 601 2070 cantarum
632 2037 655 2070 ὃ
776 2040 818 2071 20
850 2037 920 2082 <ut
981 2038 1120 2072 inserui
1144 2037 1188 2080 cf.
1218 2040 1295 2071 161.
1316 2040 1359 2070 24
1391 2041 1423 2071 et

90 2081 200 2117 Tacit.
227 2082 325 2117 Arm.
351 2083 395 2117 V.
424 2087 464 2117 11
493 2084 538 2126 cf.
566 2083 665 2118 Mus.
693 2083 806 2118 Rhen.
834 2084 882 2119 N,
927 2113 932 2118 .
960 2083 1065 2118 XLII.
1095 2087 1163 2117 314
1250 2083 1419 2118 innoxios

85 2128 186 2164 Stew.
283 2134 326 2164 22
352 2130 444 2164 haec
469 2130 552 2174 quo
589 2129 648 2164 his
673 2130 750 2165 13²6
839 2130 924 2165 aliis
950 2131 1027 2165 F²3
1050 2132 1199 2174 fortasse
1219 2135 1303 2175 post
1328 2130 1421 2164 alias

84 2175 197 2222 <his>
240 2178 468 2212 inserendum
511 2179 555 2221 cf.
595 2181 649 2212 71.
671 2181 708 2221 63
747 2181 823 2213 151.
846 2182 882 2221 93
929 2182 1006 2213 165.
1028 2181 1072 2212 32
1116 2179 1176 2213 sed
1219 2179 1262 2221 cf.
1303 2176 1377 2211 191
1402 2181 1419 2210 1

85 2222 240 2258 afannas
265 2224 312 2257 F1
356 2224 502 2258 afannis
529 2224 576 2258 F2
619 2223 841 2269 affannasq)
867 2230 899 2261 et
922 2237 990 2271 my.
1017 2239 1045 2270 φ
1072 2227 1116 2268 cf.
1146 2228 1222 2259 188.
1239 2228 1259 2258 3
1357 2224 1421 2257 ad-

84 2269 306 2305 blaterantis
338 2273 467 2316 scripsi
497 2271 744 2306 ablaterantis
777 2272 841 2317 Εφ
886 2271 1156 2307 ablatterantes
1184 2272 1230 2316 φῗ
1274 2270 1420 2305 adblat-

85 2319 248 2352 terantes
274 2317 314 2352 E.
341 2320 385 2362 cf.
414 2322 466 2353 71.
482 2322 519 2362 63
548 2323 625 2353 151
642 2322 844 2363 93187.19

1071 2378 1136 2411 13*
