1591 2556
175 102 232 142 94
735 102 864 136 LIBRI
888 102 956 136 IIII

176 197 455 239 sollemnibus
488 201 578 239 toto
604 201 886 252 prosequente
912 198 1070 252 populo
1096 199 1244 239 uiuum
1270 199 1520 253 producitur

175 256 304 298 funus
337 259 378 298 et
408 256 634 298 lacrimosa
664 256 828 310 Psyche
871 257 1098 298 comitatur
1128 272 1213 298 non
1244 258 1415 312 nuptias
1446 258 1520 300 sed

176 315 376 370 exequias
403 330 511 356 suas.
563 330 610 356 ac
642 316 742 356 dum
773 316 925 357 maesti
956 319 1151 370 parentes
1184 319 1226 357 et
1257 319 1377 358 tanto
1408 317 1519 359 malo

174 374 324 428 perciti
357 374 564 415 nefarium
597 374 759 415 facinus
791 375 991 428 perficere
1023 378 1287 430 cunctantur,
1322 376 1415 430 ipsa
1445 376 1520 417 illa

174 433 264 474 filia
294 433 452 474 talibus
485 448 555 474 eos
588 432 839 474 adhortatur
870 434 1047 475 uocibus

264 492 391 541 ‘Quid
428 492 639 533 infelicem
682 495 893 533 senectam
937 493 1039 533 fletu
1078 493 1243 534 diutino
1288 493 1516 535 cruciatis?

176 551 279 606 quid
316 551 516 605 spiritum
554 553 762 606 uestrum,
805 551 878 605 qui
910 551 1048 606 magis
1079 566 1198 593 meus
1236 555 1317 606 est,
1361 552 1520 594 crebris

177 610 433 651 heiulatibus
477 609 698 665 fatigatis?
761 610 863 664 quid
906 610 1092 651 lacrimis
1135 610 1425 653 inefficacibus
1474 613 1521 653 in

174 670 321 711 uestris
352 668 478 710 oculis
508 683 600 710 mea
631 668 791 710 lumina
821 668 1031 710 foedatis?
1073 670 1175 724 quid
1205 683 1279 711 ora
1315 671 1419 712 mihi
1453 684 1521 712 ue-

177 723 360 769 neranda
390 727 617 769 laceratis?
652 727 754 782 quid
792 728 990 770 canitiem
1023 728 1080 783 [p.
1111 728 1162 769 78
1188 728 1258 783 E]
1297 728 1519 770 scinditis?
1540 748 1553 772 1

178 787 280 841 quid
311 789 484 841 pectora
516 787 617 841 quid
649 787 780 828 ubera
810 790 956 829 sancta
986 787 1196 829 tunditis?
1256 787 1360 829 haec
1398 791 1522 830 erant

175 845 299 887 uobis
338 846 533 901 egregiae
570 846 882 887 formonsitatis
924 861 1040 888 meae
1078 846 1293 901 praeclara
1322 847 1519 902 praemia.

174 905 359 946 inuidiae
404 905 588 946 nefariae
631 904 750 946 letali
793 905 919 960 plaga
962 906 1152 959 percussi
1196 920 1288 947 sero
1339 906 1520 947 sentitis.

176 979 271 1004 cum
304 966 452 1019 gentes
485 967 526 1005 et
557 963 705 1018 populi
746 964 1007 1005 celebrarent
1045 979 1121 1005 nos
1164 964 1320 1005 diuinis
1351 965 1520 1006 honori-

176 1023 269 1077 bus7
295 1038 391 1064 cum
418 1038 572 1064 nouam
598 1037 664 1064 me
684 1022 895 1065 Venerem
916 1038 986 1065 ore
1007 1038 1193 1065 consono
1213 1026 1519 1078 nuncuparent,
1539 1043 1552 1066 1

172 1084 275 1122 tunc
307 1082 448 1123 dolere
480 1084 581 1123 tunc
613 1082 725 1136 flere,
756 1085 857 1123 tunc
888 1097 955 1124 me
987 1082 1071 1123 iam
1108 1083 1229 1136 quasi
1254 1086 1517 1137 peremptam

172 1140 319 1195 lugere
346 1140 563 1182 debuistis.
604 1140 689 1181 iam
715 1141 852 1182 sentio
878 1142 962 1182 iam
988 1141 1111 1182 uideo
1138 1141 1229 1182 solo
1255 1156 1321 1182 me
1347 1142 1517 1183 nomine

173 1198 352 1241 Veneris
377 1200 548 1254 perisse.
594 1199 733 1241 ducite
759 1215 825 1241 me
857 1202 899 1241 et
931 1201 999 1241 cui
1031 1215 1123 1241 sors
1149 1200 1312 1241 addixit
1343 1200 1517 1255 scopulo

173 1259 321 1300 sistite.
384 1258 539 1300 festino
571 1258 715 1300 felices
748 1259 852 1300 istas
884 1260 1054 1314 nuptias
1087 1259 1222 1314 obire,
1260 1259 1416 1301 festino
1449 1273 1517 1315 ge-

174 1332 372 1359 nerosum
404 1317 526 1359 illum
557 1318 760 1359 maritum
798 1333 939 1359 meum
979 1318 1134 1360 uidere.
1196 1317 1299 1373 quid
1336 1318 1516 1360 differo?

175 1377 277 1431 quid
321 1377 509 1419 detrecto
554 1377 793 1418 uenientem
839 1378 911 1432 qui
954 1377 1087 1419 totius
1127 1377 1242 1418 orbis
1280 1378 1410 1419 exitio
1449 1393 1517 1418 na-

173 1439 242 1477 tus
276 1435 389 1477 estP'

260 1494 433 1536 XXXV.
468 1494 537 1535 Sic
562 1495 729 1549 profata
754 1495 877 1549 uirgo
904 1495 1109 1536 conticuit
1134 1495 1413 1549 ingressuque
1433 1495 1517 1536 iam

172 1553 314 1595 ualido
346 1568 526 1608 pompae
557 1553 705 1607 populi
736 1554 1032 1608 prosequentis
1064 1568 1154 1595 sese
1185 1554 1368 1595 miscuit.
1430 1554 1518 1594 itur
1564 1563 1566 1567 “

173 1613 224 1653 ad
244 1613 524 1654 constitutum
546 1613 767 1666 scopulum
794 1613 951 1654 montis
978 1613 1109 1667 ardui,
1135 1613 1254 1654 cuius
1280 1613 1324 1653 in
1350 1627 1516 1654 summo

174 1672 389 1713 cacumine
417 1674 621 1712 statutam
654 1671 839 1725 puellam
872 1673 1012 1713 cuncti
1046 1672 1257 1726 deserunt,
1288 1671 1516 1726 taedasque

172 1730 384 1785 nuptiales
435 1731 589 1785 quibus
639 1730 937 1784 praeluxerant
986 1731 1141 1772 ibidem
1191 1730 1378 1772 lacrimis
1427 1731 1516 1771 suis
1576 1768 1579 1787 Ξ

173 1790 380 1831 extinctas
419 1789 705 1844 relinquentes
745 1790 917 1831 deiectis
961 1790 1170 1844 capitibus
1209 1789 1515 1831 domuitionem
1572 1796 1586 1833 ,⁸

265 1922 332 1952 8.9
367 1917 458 1961 quid
490 1918 651 1953 lacrimis
685 1917 937 1952 inefficacibus
971 1929 1034 1952 ora
1065 1917 1156 1951 mihi
1190 1917 1404 1952 ueneranda
1437 1916 1514 1951 foe-
1571 1916 1577 1964 'j

172 1965 293 1999 datis?
331 1965 422 2008 quid
459 1964 633 2000 laceratis
674 1964 713 1998 111
747 1964 881 1999 uestris
918 1965 1034 1999 oculis
1069 1975 1152 1999 mea
1186 1963 1353 1998 lumina?
1389 1965 1514 2009 uulyo,

171 2014 395 2056 transposuit
426 2013 485 2047 ΒΖ.
518 2014 560 2047 in
591 2013 613 2046 δ
649 2013 772 2047 omnia
811 2014 902 2047 inter
938 2011 1110 2057 fatigatis
1141 2017 1174 2046 et
1210 2011 1301 2055 quid
1338 2010 1513 2045 laceratis
1573 2013 1576 2026 ¹

171 2064 255 2094 sunt
285 2060 416 2094 omissa
532 2064 572 2093 11
606 2061 713 2094 erant
737 2061 868 2103 scripsi
910 2061 1018 2093 erunt
1043 2059 1121 2095 edd.
1167 2060 1253 2092 sunt
1277 2058 1378 2093 Jahn
1419 2058 1512 2092 haec

171 2106 271 2140 enim
296 2106 421 2141 Rohde
519 2110 559 2140 21
588 2106 639 2150 qd
669 2106 715 2139 F¹
741 2117 788 2151 q*
812 2106 860 2140 F2
890 2107 939 2151 qd
965 2120 992 2150 φ
1070 2105 1188 2140 totius
1215 2106 1302 2150 (sola
1331 2116 1351 2139 o
1372 2106 1516 2150 primae

172 2200 214 2223 m.
242 2190 304 2233 est)
341 2161 494 2223 orbiiom
525 2188 553 2222 F
597 2162 795 2223 otiosgrbis
828 2202 855 2233 φ
893 2190 937 2232 ef.
971 2192 1079 2231 80.·2;
1110 2191 1190 2242 ‚2⁰3⁴
1210 2191 1252 2222 16
1372 2191 1417 2222 ’28
1454 2197 1515 2221 ex·
1551 2185 1553 2187 ’
1583 2210 1585 2215 s

171 2235 288 2270 tintas
313 2235 341 2269 F
368 2240 451 2280 post
474 2235 725 2279 relinquentes
752 2237 793 2270 in
817 2238 841 2270 ὃ
871 2248 915 2271 ex
941 2236 1136 2281 Fulyentzo
1161 2235 1317 2279 (Lersch.
1345 2235 1378 2269 d.
1404 2235 1513 2269 abstr.
1571 2239 1584 2274 ,3¹

171 2295 207 2363 {q
219 2295 262 2365 ps.
273 2282 407 2363 ΧξΙΠ)
433 2283 603 2363 &megum
625 2287 675 2317 est
700 2283 850 2328 coragio
870 2282 997 2326 itaque
1022 2282 1186 2327 perfecto
1212 2283 1256 2325 cf.
1280 2281 1516 2327 Mnemosyne
1571 2304 1579 2325 ⁴:

211 2359 216 2364 .
268 2359 273 2364 .
303 2334 319 2364 1
349 2334 392 2364 96
414 2342 452 2374 J).
475 2334 494 2363 2
1579 2344 1584 2351 ³
