1591 2556
152 69 233 110 148
258 88 261 90 -
707 47 836 99 LIBRI
861 64 929 98 vn

150 165 233 207 leui
264 163 446 218 pueritia
478 161 797 217 splendicarent.
848 175 924 202 nec
956 161 1007 202 ab
1040 161 1113 203 issa
1144 165 1285 205 tamen
1316 166 1490 217 paterna

152 224 290 279 gloria
321 222 391 263 uel
420 236 514 263 mea
539 222 698 262 uirtute
726 220 895 273 desciui‚
928 235 1167 275 quanquam
1194 222 1490 277 semitrepidus

151 284 271 324 iuxta
301 296 523 323 mucrones
549 279 727 320 Martios
757 280 1027 333 constitutus,
1060 280 1133 321 sed
1163 281 1334 322 habitus
1366 281 1491 322 alieni
1546 277 1552 282 ¹

150 341 317 382 fallacia
360 343 516 393 tectus,
560 338 684 379 uillas
729 353 801 379 seu
847 338 1018 379 castella
1067 339 1181 381 solus
1232 340 1491 395 adgrediens,

151 400 402 441 uiaticulum
434 398 539 439 mihi
566 397 747 438 conrasi'
780 400 822 437 et
854 397 1086 438 diloricatis
1118 400 1263 440 statim
1295 399 1490 453 pannulis

153 460 196 500 in
228 459 413 500 medium
446 457 527 498 duo
560 456 678 497 milia
708 456 898 510 profudit
930 471 1151 498 aureorum
1178 461 1220 499 et
1245 458 1328 499 ‘en’
1354 458 1493 512 inquit

153 519 294 559 ‘istam
338 515 591 570 sportulam,
629 515 758 555 immo
803 530 903 555 uero
943 515 1082 556 dotem
1127 517 1304 572 collegio
1348 520 1491 558 uestro

151 577 288 618 libens
327 590 477 629 meque
509 574 632 615 uobis
665 574 812 615 ducem
854 574 1124 629 fidissimum,
1157 576 1193 617 si
1230 579 1371 617 tamen
1407 590 1492 617 non

153 635 375 688 recusatis,
408 634 538 675 offero
570 633 690 674 breui
723 633 925 686 temporis
958 634 1094 686 spatio
1127 634 1336 689 lapideam
1367 635 1492 676 istam

155 695 327 736 domum
359 696 545 734 uestram
576 692 765 733 facturus
799 692 995 732 auream.’

241 751 380 794 VIIII.
418 751 507 793 Nec
538 766 658 792 mora
689 765 764 792 nec
797 751 1022 805 cunctatio,
1053 752 1126 793 sed
1158 752 1329 794 calculis
1362 752 1492 793 omni-

153 813 233 854 bus
266 812 463 852 ducatum
496 811 682 851 latrones
714 810 933 851 unanimes
961 810 997 851 ei
1025 810 1218 857 deferunt
1248 815 1493 865 uestemque

153 870 452 912 lautiusculam
484 869 705 923 proferunt
734 869 883 922 <flamm
910 871 1084 923 roqant>
1116 874 1301 912 sumeret
1332 870 1493 911 abiecto

154 929 404 972 centunculo
439 929 581 969 diuite.
627 928 685 969 sic
717 928 971 969 reformatus
1003 928 1193 983 singulos
1225 929 1494 971 exosculatus

154 993 196 1031 et
228 989 271 1030 in
298 1002 462 1029 summo
488 987 702 1041 puluinari
733 987 896 1027 locatus
923 1002 1024 1028 cena
1054 988 1301 1042 poculisque
1327 988 1493 1043 magnis

155 1049 443 1102 inauguratur.
484 1050 583 1086 tunc
616 1045 880 1087 sermonibus
913 1046 1073 1087 mutuis
1101 1047 1149 1088 de
1182 1047 1361 1102 uirginis
1393 1047 1495 1102 fuga

156 1107 289 1161 deque
332 1120 425 1147 mea
468 1108 642 1146 uectura
681 1108 722 1145 et
759 1104 928 1158 utrique
974 1105 1183 1147 destinata
1226 1109 1496 1147 monstruosa

154 1169 291 1207 morte
324 1165 541 1219 cognoscit
573 1167 615 1205 et
646 1164 719 1204 ubi
750 1163 939 1204 locorum
973 1167 1082 1205 esset
1120 1164 1194 1205 illa
1225 1167 1496 1219 percontatus

156 1225 457 1278 deductusque,
489 1224 581 1264 uisa
613 1238 671 1276 ea,
703 1226 751 1263 ut
777 1225 866 1263 erat
897 1223 1080 1264 uinculis
1106 1227 1269 1277 onusta,
1301 1226 1495 1265 contorta

157 1287 199 1325 et
230 1282 491 1337 uituperanti
524 1297 622 1323 nare
656 1281 848 1323 discessit
881 1284 922 1322 et
954 1282 1053 1322 enon
1086 1297 1180 1324 sum
1207 1283 1376 1337 quidem
1409 1285 1496 1323 tam

155 1344 307 1384 brutus
333 1342 402 1383 uel
434 1344 544 1383 certe
576 1341 841 1382 temerarius'
873 1341 1014 1395 inquit
1040 1341 1102 1382 ‘ut
1128 1342 1282 1383 scitum
1308 1344 1497 1382 uestrum

157 1401 390 1455 inhibeam,
432 1401 504 1442 sed
547 1400 681 1441 malae
727 1400 1007 1441 conscientiae
1057 1403 1221 1442 reatum
1271 1401 1382 1441 intra
1431 1415 1497 1441 me

158 1461 388 1514 sustinebo,
421 1460 456 1500 si
490 1459 601 1513 quod
633 1459 791 1500 bonum
822 1458 928 1499 mihi
960 1459 1129 1500 uidetur
1165 1459 1497 1500 dissimulauero.

158 1520 232 1561 secl
263 1519 381 1573 prius
413 1519 610 1559 fiduciam
642 1518 775 1559 uestri
802 1532 927 1559 causa
959 1517 1141 1559 sollicito
1173 1518 1279 1559 mihi
1311 1518 1498 1567 tribuite,

160 1593 255 1620 cum
299 1577 547 1632 praesertim
588 1577 728 1630 uobis,
767 1577 802 1617 si
841 1577 1049 1618 sententia
1085 1577 1187 1619 haec
1225 1592 1318 1618 mea
1359 1576 1500 1631 displi-

160 1637 312 1691 cuerit,
348 1637 474 1678 liceat
505 1651 673 1677 rursum
706 1636 757 1676 ad
789 1636 954 1677 asinum
985 1636 1131 1677 redire.
1161 1644 1285 1677 'nam
1324 1650 1401 1691 ego
1440 1651 1500 1676 ar-

158 1697 295 1737 bitror
325 1695 524 1749 latrones,
557 1695 629 1749 qui
655 1696 815 1748 quidem
849 1709 994 1736 eorum
1026 1698 1137 1736 recte
1170 1695 1356 1749 sapiunt,
1394 1694 1501 1735 nihil

160 1755 366 1796 anteferre
397 1754 515 1796 lucro
548 1769 623 1795 suo
657 1754 806 1795 debere
840 1769 886 1795 ac
918 1769 969 1795 ne
1002 1754 1137 1808 ipsam
1170 1754 1339 1808 quidem
1378 1768 1500 1808 saepe

161 1817 203 1855 et
233 1814 327 1855 aliis
355 1814 599 1855 damnosam
624 1813 841 1854 ultionem.
882 1827 981 1868 ergo
1008 1813 1139 1868 igitur
1165 1814 1201 1854 si
1232 1813 1500 1866 perdideritis

162 1874 206 1914 in
239 1873 356 1914 asino
389 1873 611 1927 uirginem,
642 1872 750 1913 nihil
783 1872 964 1926 amplius
997 1887 1122 1926 quam
1155 1872 1244 1912 sine
1276 1871 1364 1912 ullo
1391 1886 1499 1912 com-

260 2016 277 2045 1
304 2010 380 2045 leui
405 2012 535 2055 scripsi
559 2010 659 2045 laeui
684 2011 712 2044 F
810 2015 829 2044 2
863 2010 1122 2055 semitrepidus
1148 2012 1215 2045 uim
1238 2021 1367 2045 sanum
1389 2039 1394 2044 .
1415 2022 1502 2045 num

163 2060 238 2102 fuit
269 2069 380 2102 saepe
406 2057 603 2102 trepidus?
677 2062 697 2091 3
730 2057 924 2092 constituit
951 2058 997 2103 φ1
1075 2062 1095 2091 5
1128 2057 1273 2092 conrasi
1298 2057 1381 2101 Fcp¹
1417 2068 1502 2092 con-

164 2105 263 2140 traxi
289 2106 335 2149 <12²
426 2109 468 2138 12
495 2105 687 2139 unam'mes
714 2107 772 2150 φδ
803 2105 971 2140 uniames
997 2105 1024 2139 F
1107 2108 1149 2139 13
1175 2107 1315 2149 <quam
1339 2106 1500 2150 rogant>

162 2154 320 2196 inserui,
352 2164 431 2187 cum
457 2154 719 2187 constructione
751 2153 795 2195 ef.
826 2156 960 2188 138.21
1061 2156 1103 2186 15
1135 2162 1224 2196 cene
1254 2150 1434 2196 poculisq;
1465 2154 1500 2195 (ο

163 2202 205 2234 in
230 2200 257 2234 F
283 2212 327 2234 eo:
352 2211 375 2233 u
401 2201 505 2243 corr.)
532 2200 658 2243 Fquig
743 2203 786 2233 26
819 2199 933 2234 liceat
958 2199 1049 2233 mihi
1075 2213 1102 2243 φ
1188 2202 1231 2233 27
1264 2198 1328 2242 qui
1353 2198 1503 2242 quidem

165 2248 224 2281 ΒΖ.
259 2247 394 2291 quique
421 2247 498 2281 cdd.
526 2247 570 2289 ef.
594 2250 670 2280 209.
689 2251 730 2280 23
805 2250 848 2281 28
876 2247 1039 2282 conferre
1066 2259 1093 2290 φ
1166 2249 1210 2279 29
1246 2247 1283 2280 et
1309 2244 1392 2280 aliis
1423 2246 1500 2280 cdd.

165 2294 249 2329 aliis
276 2295 315 2329 E.
356 2293 428 2328 sibi
455 2295 490 2328 et
518 2293 601 2327 aliis
635 2294 780 2328 lVozver.

1516 1299 1550 1324 20

1519 1593 1552 1619 25

1520 1889 1553 1913 3⁰
