1591 2556
0 1621 48 1718 ³⁶25

15 1921 48 1946 30

589 102 689 137 CAP.
716 83 888 135 vm-x'
1322 103 1404 144 149

68 200 219 254 pendio
258 199 593 254 indignationem
631 200 817 239 uestram
851 198 1134 238 exercueritis.
1193 201 1295 253 quin
1329 215 1406 255 ego

68 273 214 300 censeo
242 258 525 299 deducendam
552 272 643 298 eam
670 256 722 297 ad
748 256 990 310 quampiam
1018 256 1235 298 ciuitatem
1262 260 1406 314 ibique

67 317 400 359 uenundandam.
457 331 533 357 nec
570 316 682 357 enim
719 315 805 356 leui
849 315 985 369 pretio
1025 315 1205 357 distrahi
1248 320 1407 371 poterit

67 376 162 417 talis
202 375 397 417 aetatula.
453 390 550 416 nam
591 377 632 416 et
664 375 753 428 ipse
787 374 991 428 quosdam
1028 374 1203 416 lenones
1243 378 1407 430 pridem

32 469 38 476 .
69 435 260 490 cognitos
291 434 439 487 habeo,
472 448 650 488 quorum
683 433 841 487 poterit
872 447 981 474 unus
1014 434 1180 487 magnis
1214 436 1405 488 equidem

68 494 258 547 talentis,
296 496 344 534 ut
382 493 581 547 arbitror,
612 492 797 546 puellam
838 492 965 532 istam
996 493 1275 548 praestinare,
1314 510 1407 535 con-

68 553 191 607 digne
229 552 443 593 natalibus
475 552 563 593 suis
603 551 809 592 fornicem
847 552 1135 605 professuram
1166 567 1242 593 1166
1280 554 1323 594 111
1356 555 1407 594 81-

65 612 210 653 111116111
242 611 387 666 fugam
421 611 722 652 discursuram:
755 624 839 651 non
871 609 979 650 nihil
1005 611 1132 651 etiam
1165 626 1260 652 cum
1292 613 1407 666 lupa-

67 671 157 711 nari
181 670 388 723 seruierit,
413 670 502 710 uin·
525 670 580 724 [p.
600 668 777 723 12311]
806 669 941 710 dictae
967 669 1089 710 uobis
1118 670 1406 724 depensuram.

66 729 174 770 hanc
206 744 257 770 ex
296 729 435 770 animo
469 728 638 783 quidem
680 742 773 769 meo
807 729 1061 769 sententiam
1100 730 1407 771 conducibilem

67 788 237 842 protuli,
269 788 342 830 sed
373 802 450 829 uos
477 790 718 829 uestrorum
746 787 847 828 estis
874 787 1148 828 consiliorum
1182 804 1407 843 rerumque

68 847 254 888 domini.’

154 906 203 947 X.
250 905 319 946 Sic
351 905 422 946 ille
453 905 667 946 latronum
705 905 798 946 fisci
831 905 1060 946 aduocatus
1093 910 1282 948 nostram
1316 922 1407 948 cau-

67 980 155 1006 sam
196 964 444 1019 pertulerat,
482 964 663 1019 uirginis
701 967 744 1005 et
781 965 889 1005 asini
930 965 1162 1019 sospitator
1200 967 1406 1021 egregius.

67 1024 140 1065 sed
166 1024 209 1065 in
236 1024 400 1064 diutina
426 1023 726 1064 deliberatione
753 1023 880 1064 ceteri
907 1024 1141 1065 cruciantes
1169 1040 1287 1066 mora
1313 1041 1407 1066 con-

67 1083 151 1124 silii
183 1097 276 1124 mea
306 1082 562 1136 praecordia,
594 1082 723 1123 immo
755 1082 957 1123 miserum
985 1083 1195 1137 spiritum,
1227 1084 1407 1126 libentes

6 1187 7 1190 Ἴ
67 1142 236 1182 tandem
263 1141 421 1182 nouicii
446 1140 625 1181 latronis
652 1141 854 1182 accedunt
880 1142 1113 1183 sententiae
1140 1146 1182 1183 et
1213 1145 1408 1197 protinus

67 1200 249 1241 uinculis
270 1199 497 1241 exsoluunt
516 1200 738 1254 uirginem.
778 1214 883 1253 quae
905 1200 1074 1254 quidem
1095 1201 1223 1242 simul
1243 1203 1408 1244 uiderat

68 1259 188 1299 illum
221 1259 417 1300 iuuenem
451 1258 708 1313 fornicisque
741 1261 782 1299 et
813 1258 977 1299 lenonis
1010 1260 1200 1301 audierat
1231 1263 1407 1303 mentio-

4 1309 22 1345 ‘·
69 1333 182 1371 nem,
224 1318 364 1371 coepit
403 1318 491 1358 risu
532 1317 764 1358 laetissimo
807 1318 980 1372 gestire
1021 1321 1068 1359 ut
1108 1319 1213 1360 mihi
1254 1322 1406 1362 meiito

69 1352 231 1417 subiret
262 1376 518 1430 uituperatio
545 1377 677 1417 totius
704 1390 841 1430 sexus,
874 1391 967 1417 611111
998 1378 1185 1419 uiderem
1211 1380 1408 1434 puellam,

68 1435 184 1489 proci
218 1435 382 1476 iuuenis
415 1450 555 1476 amore
588 1435 916 1489 nuptiarumque
950 1439 1160 1478 castarum
1200 1438 1405 1480 desiderio

67 1494 344 1548 dissimulato,
363 1493 578 1548 lupanaris
606 1494 747 1548 spurci
774 1494 1015 1548 sordidique
1045 1496 1186 1537 subito
1208 1497 1406 1538 delectari

68 1553 247 1594 nomine.
292 1555 333 1594 et
364 1556 465 1594 tunc
498 1553 667 1607 quidem
700 1555 885 1594 totarum
917 1553 1143 1595 mulierum
1176 1559 1289 1597 secta
1319 1572 1405 1597 mo-

67 1626 217 1666 resque
261 1611 310 1652 de
354 1612 460 1652 asini
504 1612 744 1666 pendebant
787 1612 953 1653 iudicio.
1011 1614 1083 1654 sed
1128 1614 1199 1655 ille
1239 1615 1405 1656 iuuenis

68 1685 259 1711 sermone
286 1671 464 1724 repetito
486 1671 604 1725 ‘quin
628 1671 775 1725 igitur'
797 1671 936 1725 inquit
956 1671 1256 1726 esupplicatum
1276 1674 1406 1715 Marti

68 1728 223 1770 Comiti
254 1730 469 1784 pergimus
502 1732 543 1770 et
574 1729 757 1783 puellam
791 1730 918 1770 simul
950 1732 1164 1773 uendituri
1194 1736 1236 1774 et
1268 1734 1404 1774 socios

0 1791 2 1799 ¹
37 1790 40 1793 ’
66 1788 334 1843 indagaturi?
367 1789 450 1842 sed,
482 1791 531 1829 ut
562 1789 698 1843 uideo,
729 1788 893 1829 nullum
926 1791 1094 1844 uspiam
1120 1807 1248 1845 pecus
1282 1793 1404 1833 sacri-

67 1847 211 1888 fica-tui
243 1862 289 1888 ac
320 1862 371 1888 ne
403 1848 551 1888 uinum
583 1847 752 1901 quidem
784 1849 950 1901 potatui
982 1850 1156 1891 adfatim
1189 1851 1259 1892 uel
1290 1852 1404 1892 suffi-

67 1905 178 1947 616118
202 1905 599 1947 1131)6111118.(1666111
626 1906 731 1947 mihi
763 1907 905 1961 itaque
931 1907 1069 1963 legate
1096 1910 1283 1964 comites,
1310 1911 1404 1965 quis

68 1955 289 2006 contentus
315 1965 555 2018 proximum
577 1965 796 2007 castellum
816 1968 970 2021 petam,
973 1943 1091 2009 Oinde
1115 1969 1238 2010 uobis
1259 1969 1403 2023 epulas

69 2022 238 2065 saliares
271 2024 617 2078 eomparfaturus

162 2150 454 2195 7professuram
481 2151 585 2186 Corn.
613 2152 737 2187 Rohde
761 2163 1018 2196 processuram
1042 2156 1121 2190 cdd
1148 2166 1402 2200 possessuram

68 2197 197 2242 Haupt
301 2202 321 2232 8
355 2198 558 2233 discurram
588 2200 667 2234 cdd.
778 2203 820 2234 16
852 2204 938 2245 yffio
971 2206 1018 2236 110
1051 2203 1073 2236 ὃ
1183 2207 1225 2236 19
1259 2202 1402 2236 161101118

69 2290 107 2312 m
131 2278 194 2322 Ρφ
220 2290 307 2315 corr.
335 2292 377 2316 eae
401 2280 519 2315 leonis
626 2285 669 2315 22
696 2247 800 2317 castra
825 2283 853 2316 F
951 2287 994 2317 23
1022 2283 1256 2318 dissimulato
1278 2284 1402 2319 Rohde

68 2325 239 2360 simulato
264 2328 342 2362 cdd.
440 2332 483 2362 32
511 2328 680 2374 83113168]
708 2328 842 2364 3113168
868 2330 952 2374 F¹q>
990 2333 1028 2365 et
1054 2330 1147 2365 alias
1174 2341 1230 2364 res
1258 2332 1280 2365 ὃ
