1591 2556
129 75 149 114 1
159 74 179 114 1
186 74 213 113 4
710 73 838 108 LIBRI
863 73 896 108 V

216 169 466 211 ‘Meministi
516 169 739 211 consilium
789 172 998 225 uestrum,
1046 185 1124 224 quo
1172 172 1275 213 mihi
1321 172 1474 215 scilicet

127 229 321 269 suasistis
353 231 401 269 ut
431 228 629 283 bestiam,
662 244 768 283 quae
800 230 943 270 mariti
974 230 1153 271 mentito
1185 230 1355 272 nomine
1386 246 1469 273 me-

128 302 223 328 cum
251 287 505 342 quiescebat,
536 288 654 341 prius
688 303 813 342 quam
846 288 1036 343 ingluuie
1068 289 1211 330 uoraci
1236 304 1302 331 me
1331 290 1470 332 misel-

126 346 211 387 lam
242 346 450 400 hauriret,
489 347 663 400 ancipiti
695 347 902 388 nouacula
938 362 1207 401 peremerem.
1269 348 1343 390 sed
1374 363 1471 390 cum

126 406 325 460 primum,
349 408 397 446 ut
418 420 548 459 aeque
574 405 801 460 placuerat,
828 407 995 462 conscio
1021 407 1181 448 lumine
1207 407 1352 465 uultus
1379 408 1469 450 eius
1507 425 1525 452 5

127 465 284 519 aspexi,
317 465 439 505 uideo
472 464 627 505 mirum
660 465 936 519 diuinumque
968 480 1141 519 prorsus
1166 466 1470 520 spectaculum:

127 524 267 577 ipsum
305 523 426 564 illum
466 523 564 564 deae
597 522 775 564 Veneris
816 524 970 578 filium,
1008 525 1148 578 ipsum
1186 525 1359 579 inquam
1392 525 1470 567 Cu-

127 582 314 636 pidinem
345 582 431 623 leni
464 582 604 636 quiete
637 582 834 636 sopitum.
897 598 944 624 ac
976 583 1076 625 dum
1108 584 1217 625 tanti
1247 585 1349 626 boni
1381 600 1469 639 spe—

128 641 292 682 ctaculo
318 641 480 695 percita
499 643 541 682 et
560 641 691 682 nimia
710 641 945 696 uoluptatis
967 643 1088 697 copia
1106 643 1278 684 turbata
1302 643 1471 685 fruendi

128 700 363 741 laborarem
391 700 545 755 inopia,
572 715 670 741 casu
697 700 857 742 scilicet
882 716 1081 755 pessumo
1106 702 1277 743 lucerna
1302 702 1470 744 feruens
1490 721 1536 746 10v

128 759 268 800 oleum
299 759 518 800 rebulliuit
550 759 593 800 in
625 759 714 801 eius
753 775 957 801 umerum.
1021 775 1104 815 quo
1143 761 1285 803 dolore
1325 762 1470 803 statim
1576 756 1577 765 ¹

128 833 276 859 somno
308 833 515 872 recussus,
546 818 620 859 ubi
650 834 717 860 me
749 820 860 860 ferro
893 822 935 860 et
966 820 1056 874 igni
1089 820 1309 874 conspexit
1340 836 1471 862 arma—

129 880 215 918 tam
255 877 317 918 ‘tu
350 877 536 931 quidem'
580 877 720 932 inquit
757 878 826 919 ‘ob
859 878 974 919 istud
1011 882 1099 919 tam
1138 879 1275 920 dirum
1306 880 1471 921 facinus

129 936 352 977 confestim
390 939 483 977 toro
522 951 614 977 meo
654 937 819 978 diuorte
856 937 1020 991 tibique
1058 953 1125 979 res
1169 941 1263 979 tuas
1303 938 1483 993 habeto,
1584 972 1586 976 Α

129 1009 207 1049 ego
240 1010 340 1036 uero
374 1010 561 1036 sororem
587 996 720 1036 tuam’
746 1021 803 1024 ——
829 998 871 1037 et
902 1011 1056 1038 nomen
1094 1011 1176 1051 quo
1208 1000 1255 1038 tu
1288 998 1471 1039 censeris
1490 1015 1539 1042 15¹

129 1054 268 1095 aiebat
293 1079 351 1082 —
377 1054 476 1095 ‘iam
502 1054 608 1095 mihi
633 1054 856 1095 confestim
882 1056 1151 1108 confarreatis
1182 1056 1344 1110 nuptiis
1376 1071 1470 1098 con·
1585 1051 1586 1056 ¹

128 1113 301 1167 iugabo’
334 1115 376 1154 et
407 1113 551 1153 statim
578 1112 773 1167 Zephyro
800 1114 1006 1168 praecipit
1031 1113 1144 1155 ultra
1174 1115 1378 1157 terminos
1403 1131 1471 1157 me

129 1172 278 1213 domus
305 1172 395 1212 eius
428 1172 618 1213 efflaret.⁷

217 1229 394 1271 XXVII.
455 1230 649 1272 Necdum
690 1246 927 1273 sermonem
964 1231 1129 1286 Psyche
1171 1232 1356 1287 finierat,
1397 1233 1472 1274 illa
1586 1282 1587 1286 Ἰ

128 1304 308 1331 uesanae
340 1289 530 1331 libidinis
562 1293 604 1331 et
629 1290 813 1332 inuidiae
845 1291 994 1332 noxiae
1027 1291 1212 1333 stimulis
1244 1292 1422 1347 agitata,
1452 1307 1542 1335 eze-¹

128 1363 171 1390 re
191 1349 440 1390 concinnato
466 1349 684 1390 mendacio
710 1350 861 1391 fallens
887 1350 1101 1404 maritum,
1121 1351 1241 1405 quasi
1267 1351 1316 1392 de
1336 1354 1472 1393 morte
1586 1361 1587 1368 ¹

128 1411 353 1461 parentum
391 1408 551 1462 aliquid
590 1409 867 1463 conperisset,
908 1410 1052 1450 statim
1091 1424 1242 1451 nauem
1283 1410 1472 1452 ascendit

129 1470 171 1508 et
203 1467 254 1507 ad
285 1467 407 1508 illum
440 1467 660 1521 scopulum
691 1468 886 1521 protinus
918 1469 1059 1523 pergit
1087 1471 1129 1509 et
1161 1469 1355 1522 quamuis
1388 1469 1471 1511 alio

128 1526 257 1567 flante
290 1529 436 1579 uento,
478 1541 598 1567 caeca
631 1541 703 1580 spe
736 1529 877 1568 tamen
909 1527 1077 1568 inhians
1110 1527 1266 1582 ‘accipe
1297 1528 1381 1569 me’
1414 1529 1471 1570 di-

129 1599 226 1626 cens
271 1584 463 1638 eCupido,
508 1585 678 1640 dignam
723 1588 764 1627 te
806 1586 1029 1641 coniugem
1074 1588 1116 1627 et
1159 1589 1224 1641 tu,
1267 1586 1471 1642 Zephyre,
1490 1604 1527 1630 25

128 1644 294 1697 suscipe
327 1643 576 1684 dominam!⁹
609 1644 719 1685 saltu
751 1660 794 1686 se
826 1645 1010 1686 maximo
1042 1646 1314 1699 praecipitem
1347 1646 1472 1688 dedit.

127 1718 203 1743 nec
236 1705 377 1743 tamen
409 1703 461 1743 ad
491 1703 613 1743 illum
644 1703 785 1744 locum
822 1704 892 1745 uel
932 1704 1081 1751 saltem
1119 1708 1287 1746 mortua
1326 1720 1471 1759 perue-

225 1846 241 1876 1
269 1853 342 1885 quo
362 1841 454 1875 mihi
474 1841 618 1877 scilicet
638 1844 660 1877 ὃ
691 1842 835 1877 scilicet
858 1854 930 1887 quo
950 1843 1042 1877 mihi
1061 1843 1125 1888 Foe
1198 1848 1221 1878 4
1245 1855 1472 1889 peremerem

128 1889 229 1933 F1cp1
249 1890 442 1933 cf242.19;
463 1893 518 1925 44.
537 1893 553 1923 1
630 1894 649 1924 9
676 1890 882 1925 uoluntatis
903 1891 930 1924 F
956 1890 1137 1925 uolutatis
1157 1891 1204 1936 «pl
1277 1896 1308 1926 9.
1326 1895 1368 1926 10
1394 1893 1471 1926 tur-

127 1936 420 1980 bata-inopia
458 1948 522 1971 om.
550 1951 577 1981 φ
616 1938 700 1972 add.
732 1939 773 1972 m
809 1950 948 1973 summa
977 1950 1062 1984 pay.
1095 1950 1139 1972 m.
1172 1951 1201 1973 r.
1324 1943 1366 1972 13
1405 1939 1477 1986 ob]

128 1982 193 2017 ubi
219 1983 282 2027 sz
328 1983 390 2017 abi
417 1985 439 2017 ὃ
538 1988 580 2018 14
613 1984 756 2019 diuerte
788 1984 835 2018 F²
931 1989 974 2019 16
1007 1985 1202 2020 confestim
1227 1985 1472 2021 confarreatis

376 2039 388 2056 s
1000 2041 1018 2064 Ι)

129 2066 258 2110 scripsi
282 2065 392 2100 Efesti
419 2066 601 2100 arreathis
627 2067 673 2100 F¹
699 2067 894 2101 confestim
920 2069 1106 2102 arreatum
1130 2067 1188 2101 his
1214 2081 1241 2112 φ
1267 2067 1360 2102 mihi
1386 2079 1471 2103 con-

128 2111 300 2147 farreatis
326 2124 360 2147 11.
387 2113 426 2147 Ε.
472 2113 564 2147 mihi
596 2113 792 2148 confestim
822 2114 995 2149 farreatis
1028 2115 1116 2149 Κατ.
1161 2114 1356 2149 confestim
1388 2127 1472 2150 arra

130 2171 173 2193 ac
192 2159 266 2194 hiis
285 2171 319 2193 n.
348 2161 370 2194 ὃ
445 2164 486 2194 19
514 2160 610 2207 <at>
631 2161 698 2195 illa
717 2162 813 2196 Ialm
833 2162 872 2196 E.
904 2162 996 2209 (et)
1018 2161 1085 2196 illa
1106 2162 1194 2196 Koz.
1269 2166 1375 2196 2021
1398 2174 1417 2197 e
1431 2173 1477 2198 re·

130 2206 351 2241 concinnato
377 2207 474 2242 Ialm
516 2207 793 2242 freconcinnato
819 2209 882 2253 an
928 2208 1123 2253 scoeinato
1150 2210 1173 2243 ἃ
1215 2211 1253 2243 et
1283 2209 1471 2244 reconcin-

128 2256 218 2288 nato
250 2266 275 2299 g
317 2254 421 2288 uafre
454 2265 482 2289 e.
510 2256 632 2290 Hertz.
660 2255 700 2290 E.
799 2260 842 2290 23
873 2255 1042 2300 protinus
1074 2256 1101 2289 F
1134 2267 1204 2300 pro
1238 2256 1406 2301 protinus
1441 2270 1471 2302 φ

126 2303 252 2336 ,scribit
278 2301 406 2336 statim
504 2306 547 2336 ‘24
573 2302 722 2336 hinians
749 2316 776 2347 φ
