1591 2556
618 82 718 117 CAP.
744 82 894 117 HH-V
1342 84 1427 125 225

86 179 274 234 indigere
306 179 481 221 consilio
513 179 700 233 pleniore
738 178 790 219 ad
822 178 1029 232 quendam
1062 183 1300 233 compertae
1334 194 1424 235 gra-

85 238 233 280 uitatis
265 238 531 280 educatorem
563 238 737 291 <suum>
767 252 910 278 senem
936 237 1130 291 protinus
1156 239 1294 280 refert.
1349 255 1425 281 nec

86 298 311 352 quicquam
332 297 496 338 diutina
516 296 815 338 deliberatione
835 299 922 336 tam
943 296 1109 338 salubre
1130 296 1272 338 uisum'
1298 313 1423 352 quam

85 356 188 411 fuga
219 355 343 397 celeri
374 356 604 410 procellam
628 355 840 396 Fortunae
866 355 1094 397 saeuientis
1121 357 1306 398 euadere.
1352 358 1425 398 sed

51 431 65 456 5
85 415 311 469 impatiens
343 415 412 456 uel
444 415 619 470 exiguae
658 414 872 455 dilationis
911 414 1064 456 mulier
1100 414 1199 456 ficta
1237 415 1424 469 qualibet

85 486 211 515 causa
242 474 464 515 confestim
496 474 648 515 marito
674 473 793 514 miris
819 473 1044 527 persuadet
1070 473 1232 515 artibus
1259 474 1310 514 ad
1336 474 1423 516 lon-

83 533 257 588 gissime
283 533 453 574 dissitas
479 533 677 574 festinare
702 531 884 572 uillulas.
942 547 1025 586 quo
1050 532 1163 574 facto
1188 536 1423 575 maturatae

83 592 173 646 spei
205 593 402 633 uaesania
440 607 638 646 praeceps
669 591 900 645 promissae
935 591 1126 632 libidinis
1158 592 1323 647 flagitat
1354 607 1422 633 ua-

83 650 327 692 dimonium.
379 651 451 692 sed
483 651 647 692 iuuenis
679 650 803 691 modo
833 650 948 690 istud
973 651 1115 702 <modo
1139 651 1272 703 illud>
1296 652 1422 693 modo

30 726 64 751 ιο
83 709 198 750 aliud
238 725 386 751 causae
423 710 580 751 faciens
618 708 895 750 execrabilem
932 709 1163 750 frustratur
1200 710 1289 750 eius
1329 725 1422 751 con-

83 772 286 824 spectum,
313 769 450 823 quoad
471 769 543 809 illa
568 768 815 809 nuntiorum
841 768 1044 809 uarietate
1070 768 1421 822 pollicitationem

82 828 163 869 sibi
190 828 438 883 denegatam
464 828 688 868 manifesto
714 827 973 881 perspiciens
998 827 1236 868 mobilitate
1259 828 1423 869 lubrica

81 887 288 928 nefarium
309 883 493 928 amorem
521 887 571 927 ad
596 886 722 941 longe
749 886 932 927 deterius
959 886 1249 927 transtulisset
1275 887 1418 928 odium

82 949 122 986 et
166 946 389 999 adsumpto
434 946 579 987 statim
619 945 880 999 nequissimo
924 948 967 985 et
1008 945 1059 985 ad
1097 960 1219 986 omne
1256 946 1420 987 facinus

29 1021 61 1047 15
82 1005 345 1058 emancipato
385 1005 567 1058 quodam
600 1004 730 1046 dotali
765 1004 933 1045 seruulo
966 1004 1164 1058 perfidiae
1196 1019 1294 1045 suae
1327 1019 1420 1045 con-

82 1063 177 1105 silia
209 1064 501 1104 communicat.
551 1078 627 1104 nec
661 1064 885 1117 quicquam
917 1063 1068 1103 melius
1100 1063 1269 1104 uidetur
1295 1078 1420 1118 quam

80 1123 171 1164 uita
202 1123 403 1164 miserum
434 1123 601 1176 priuare
634 1122 839 1163 iuuenem.
902 1135 1001 1176 ergo
1033 1122 1188 1163 missus
1220 1122 1419 1164 continuo

79 1181 253 1222 furcifer
277 1196 486 1222 uenenum
506 1181 838 1235 praesentarium
859 1184 1075 1234 comparat
1094 1180 1219 1235 idque
1239 1182 1338 1222 uino
1361 1182 1417 1222 di-

79 1240 261 1295 ligenter
281 1240 461 1281 dilutum
482 1240 663 1281 insontis
683 1240 871 1294 priuigni
889 1242 1111 1293 praeparat
1131 1240 1272 1281 exitio.
1305 1239 1355 1281 V.
1371 1255 1417 1282 ac

25 1318 60 1342 20
80 1300 179 1340 dum
201 1299 250 1340 de
277 1299 503 1340 oblationis
531 1299 848 1353 opportunitate
875 1313 1015 1339 secum
1041 1299 1158 1339 noxii
1184 1298 1417 1340 deliberant

76 1358 289 1412 homines,
325 1358 434 1399 forte
466 1359 637 1399 fortuna
667 1372 771 1412 puer
804 1357 874 1398 ille
906 1358 1062 1411 iunior,
1099 1358 1296 1411 proprius
1328 1373 1416 1411 pes-

77 1417 207 1458 simae
239 1417 419 1458 feminae
449 1417 587 1483 filiusz
618 1419 716 1483 post
752 1417 1008 1457 matutinum
1039 1416 1227 1457 laborem
1260 1417 1416 1458 studio-

77 1491 171 1518 rum
213 1476 384 1517 domum
423 1491 466 1517 se
507 1477 730 1530 recipiens7
770 1475 946 1529 prandio
985 1476 1068 1516 ian]
1108 1478 1230 1529 capto
1269 1476 1416 1516 sitiens

78 1538 292 1589 repertum
323 1535 411 1576 uini
444 1535 660 1589 poculum,
704 1535 747 1575 in
789 1549 871 1588 quo
912 1549 1121 1576 uenenum
1158 1534 1318 1575 latebat
1355 1535 1416 1575 in-

21 1612 55 1637 25
76 1594 258 1649 clusum,
306 1595 473 1635 nescius
522 1594 682 1635 fraudis
732 1594 919 1635 occultae
970 1594 1169 1634 continuo
1219 1593 1416 1647 perduxit

74 1653 249 1707 haustu,
281 1656 417 1707 atque,
454 1653 527 1693 ubi
564 1653 687 1694 fratri
718 1667 793 1694 suo
825 1655 1014 1706 paratam
1052 1655 1233 1693 mortem
1271 1652 1414 1706 ebibit,

75 1712 280 1753 exanimis
300 1715 434 1753 terrae
460 1712 710 1766 procumbit.
747 1712 926 1765 ilicoque
946 1711 1166 1765 repentina
1184 1711 1301 1764 pueri
1324 1726 1413 1764 per-

74 1771 182 1812 nicie
214 1771 483 1826 paedagogus
520 1774 756 1812 commotus
794 1770 989 1811 ululabili
1021 1770 1202 1811 clamore
1234 1773 1411 1811 matrem

75 1833 293 1884 totamque
326 1830 407 1871 ciet
444 1830 659 1870 familiam.
722 1830 888 1883 iamque
927 1829 1097 1884 cognito
1133 1843 1231 1869 casu
1263 1829 1413 1869 noxiae

21 1907 56 1932 30
74 1889 259 1943 potionis
291 1889 406 1930 uarie
439 1889 616 1942 quisque
653 1888 937 1942 praesentium
970 1890 1161 1928 auctores
1199 1887 1412 1928 insimula-

74 1948 176 1989 bant
207 1948 384 1989 extremi
416 1948 625 1988 facinoris.
687 1947 759 1988 sed
799 1947 889 1987 dira
926 1947 999 1987 illa
1032 1947 1190 1988 femina
1221 1949 1262 1986 et
1293 1946 1411 1986 mali-

74 2008 156 2048 tiae
181 2007 416 2048 nouercalis
443 2006 657 2059 exemplar
681 2006 851 2047 unicum
878 2020 963 2046 non
990 2005 1138 2046 acerba
1163 2005 1240 2045 filii
1262 2008 1409 2058 morte,

169 2102 233 2133 1.2
271 2098 451 2144 grauitati
483 2099 529 2143 φ1
638 2102 657 2131 2
690 2097 852 2144 <suum>
884 2099 1022 2133 ‘inserui
1127 2100 1158 2131 8.
1175 2101 1194 2130 9
1235 2094 1409 2139 flagitatu

75 2144 303 2180 adimonium
337 2160 365 2190 φ
487 2150 506 2179 9
541 2145 677 2192 <modo
703 2144 825 2192 illud>
857 2146 996 2180 inserui
1021 2146 1066 2188 ef.
1093 2147 1225 2186 49.13;
1255 2145 1408 2185 159.10;

77 2204 153 2250 2082
169 2220 188 2249 2
257 2220 298 2250 13
318 2216 573 2251 transtulisset
591 2216 655 2259 Fq2
675 2216 720 2259 cf.
737 2218 812 2249 134.
829 2219 848 2248 2
876 2215 1070 2250 transtulit
1090 2216 1112 2248 ὃ
1119 2226 1144 2258 g
1210 2217 1254 2247 20
1275 2197 1410 2257 impor—

73 2262 235 2297 tunitate
267 2277 294 2308 φ
391 2268 434 2298 26
467 2265 577 2298 austu
602 2263 629 2296 F
726 2264 837 2305 atque
864 2276 892 2307 φ
936 2262 1001 2306 qui
1026 2262 1053 2295 F
1086 2262 1158 2305 (sed
1183 2262 1221 2294 in
1247 2272 1317 2295 ras.
1344 2272 1409 2295 ser.

73 2321 118 2344 m.
144 2312 187 2354 r.)
214 2312 266 2354 dg
362 2315 403 2344 27
430 2310 605 2354 illicoque
632 2309 658 2343 F
755 2313 798 2343 29
824 2309 971 2352 iamque
1004 2311 1052 2353 (q;
1078 2310 1119 2342 in
1144 2321 1171 2351 φ
1198 2308 1279 2342 add.
1301 2319 1344 2341 m.
1366 2309 1410 2351 γ.)

146 2375 271 2400 Apum
290 2383 410 2401 ram-AM.
432 2377 476 2402 ed.
498 2376 604 2401 Vliet
1087 2371 1127 2399 15
