1591 2556
554 100 654 136 cAP.
681 87 984 135 xxm-xxvi
1350 103 1436 144 243

85 213 168 253 quo
201 198 392 240 confecto
425 196 650 238 simulatur
680 197 917 238 necessaria
941 197 1198 251 praecordiis
1224 198 1434 240 leniendis

84 257 246 312 bilique
278 256 587 298 subtrahendae
624 255 699 297 illa
729 256 988 309 praenobilis
1022 256 1160 311 potio,
1200 271 1326 311 quam
1359 274 1432 299 sa-

85 331 216 358 cram
255 315 464 357 doctiores
501 315 740 369 nominant,
781 315 854 356 sed
890 315 934 356 in
977 315 1066 356 eius
1104 316 1196 357 uice
1236 317 1433 358 subditur

86 375 169 416 alia
185 374 464 429 Proserpinae
490 389 608 416 sacra
629 373 764 415 Saluti
790 374 1007 429 (infesta).
1058 374 1158 415 iam—
1181 375 1238 429 [p.
1257 376 1430 430 198.E.]

49 452 66 477 5
87 449 168 489 que
198 436 419 488 praesente
451 433 615 474 familia
645 436 686 474 et
711 447 796 474 non
822 433 952 474 nullis
979 433 1125 475 amicis
1152 438 1194 475 et
1220 435 1432 476 adfinibus

85 495 258 548 aegroto
290 493 478 534 medicus
504 492 703 547 poculum
728 492 861 546 probe
886 495 1169 547 temperatum
1202 508 1331 535 manu
1358 509 1434 535 sua

83 552 339 607 porrigebat.
392 551 548 593 XXVI.
581 551 653 593 sed
685 551 822 592 audax
853 551 929 592 illa
958 552 1123 606 mulier,
1155 555 1203 593 ut
1236 553 1365 594 simul
1391 556 1434 594 et

84 611 300 652 conscium
333 610 502 652 sceleris
535 610 782 652 amoliretur
813 613 856 651 et
889 625 1015 665 quam
1052 611 1333 666 desponderat
1363 628 1432 666 pe—

84 670 251 711 cuniam
294 669 548 724 lucraretur,
591 684 731 711 coram
776 669 946 711 detento
988 670 1116 712 calice
1157 671 1257 712 ‘non
1296 671 1432 725 prius'

30 729 224 784 101nqult
256 729 532 770 medicorum
570 729 748 783 optime,
786 743 870 770 non
908 729 1026 784 prius
1065 729 1285 771 carissimo
1324 730 1431 771 mihi

82 789 235 829 marito
280 788 420 829 trades
463 788 589 828 istam
633 788 867 842 potionem,
917 803 1044 855 quam
1089 789 1138 830 de
1183 804 1231 830 ea
1274 789 1430 830 bonam

81 850 246 901 partem
277 847 469 888 hauseris
501 847 602 901 ipse.
664 847 774 888 unde
813 847 925 888 enim
964 848 1051 889 scio
1091 863 1143 889 an
1176 849 1351 889 noxium
1386 849 1430 889 in

82 921 131 948 ea
160 906 291 947 lateat
321 905 560 947 uenenum?
622 920 729 960 quae
761 921 827 947 res
859 907 1006 961 utique
1038 910 1092 961 te,
1130 909 1217 948 tam
1250 908 1430 961 pruden-

82 968 167 1006 tem
198 968 370 1019 tamque
403 965 573 1006 doctum
600 965 754 1020 uirum,
784 980 1052 1020 nequaquam
1080 967 1272 1021 offendet,
1304 967 1341 1007 si
1368 982 1428 1008 re-

28 1042 61 1068 15
80 1023 234 1079 ligiosa
265 1039 372 1065 uxor
404 1024 515 1065 circa
546 1023 726 1065 salutem
757 1025 901 1066 mariti
933 1025 1118 1067 sollicita
1149 1026 1428 1067 necessariam

80 1083 222 1124 adfero
254 1083 485 1137 pietatem.9

169 1141 261 1191 Qua
291 1142 399 1183 mira
431 1142 723 1196 desperatione
749 1143 1013 1184 truculentae
1041 1143 1223 1184 feminae
1250 1147 1425 1198 repente

79 1201 352 1254 perturbatus
390 1201 578 1242 medicus
617 1216 902 1256 excussusque
940 1204 1032 1243 toto
1077 1203 1253 1244 consilio
1293 1206 1335 1244 et
1373 1203 1426 1244 ob

79 1260 319 1315 angustiam
339 1260 544 1314 temporis
570 1260 707 1314 spatio
732 1261 945 1315 cogitandi
965 1261 1171 1315 priuatus,
1198 1265 1424 1316 antequam

26 1337 60 1362 20
78 1319 359 1374 trepidatione
400 1319 543 1372 aliqua
580 1319 646 1361 uel
686 1320 953 1361 cunctatione
995 1320 1087 1374 ipsa
1128 1321 1246 1362 daret
1286 1321 1421 1362 malae

79 1378 360 1419 conscientiae
392 1378 689 1432 suspicionem,
726 1379 912 1420 indidem
946 1379 995 1420 de
1026 1380 1199 1434 potione
1234 1381 1426 1434 gustauit

79 1437 285 1491 ampliter.
337 1451 463 1491 quam
482 1437 609 1478 fidem
630 1440 800 1479 secutus
821 1438 1066 1480 adulescens
1087 1439 1226 1493 etiam,
1253 1442 1424 1493 sumpto

78 1496 216 1551 calice,
249 1496 362 1551 quod
388 1496 643 1537 offerebatur
667 1496 822 1538 hausit.
873 1497 925 1538 ad
951 1498 1081 1538 istum
1107 1498 1281 1539 modum
1306 1513 1423 1552 prae-

78 1555 187 1596 senti
212 1557 426 1597 transacto
452 1556 623 1610 negotio
650 1556 837 1597 medicus
865 1571 991 1611 quam
1012 1556 1228 1598 celerrime
1250 1557 1423 1598 domum

23 1631 57 1656 25
76 1614 292 1655 remeabat
322 1614 540 1655 salutifera
570 1615 742 1669 potione
768 1617 929 1669 pestem
954 1616 1243 1670 praecedentis
1269 1617 1421 1657 ueneni

76 1672 281 1714 festinans
313 1673 572 1728 extinguere.
632 1689 709 1715 nec
748 1689 843 1715 eum
883 1675 1168 1716 obstinatione
1205 1675 1420 1730 sacrilega,

77 1746 160 1786 qua
192 1731 321 1773 semel
353 1735 564 1786 coeperat,
601 1733 840 1774 truculenta
877 1733 1030 1775 muh'er
1060 1747 1201 1789 ungue
1233 1734 1363 1775 latius
1398 1750 1422 1775 a

76 1805 120 1832 se
152 1791 362 1832 discedere
393 1806 518 1845 passa
555 1794 619 1832 est
650 1792 929 1846 ‘priusquam’
962 1793 1102 1847 inquit
1133 1793 1316 1848 ‘digesta
1348 1808 1419 1847 po-

76 1850 191 1891 tione
222 1850 453 1891 medicinae
490 1853 723 1904 prouentus
762 1852 989 1906 appareat'‚
1027 1852 1099 1893 sed
1132 1866 1256 1907 aegre
1288 1853 1420 1906 preci-

171 2004 191 2034 3
217 2000 338 2035 uicem
363 2001 463 2036 Stew.
491 2001 623 2046 Haupt
709 2006 730 2036 4
757 2001 879 2037 Saluti
904 2003 1033 2047 scripsi
1058 2002 1253 2050 (infesta)
1279 2004 1419 2039 inserui

78 2047 197 2082 Saluti
222 2049 317 2083 inter
342 2059 486 2083 sacram
511 2053 543 2083 et
572 2048 756 2083 doctiores
781 2050 930 2085 collocat
955 2050 1086 2095 Haupt
1184 2054 1226 2085 14
1254 2049 1417 2085 offendet

75 2096 205 2139 scripsi
229 2095 387 2130 offendit
411 2096 491 2130 cdd.
590 2099 634 2129 20
659 2095 910 2141 trepidatione
937 2097 1064 2141 aliqua
1089 2097 1150 2132 uel
1177 2097 1417 2132 cunctatione

78 2152 161 2222 ¹11³?
192 2142 773 2225 361ἶίἷὶἶᾛῗῗᾝῗὲἓὴὲῌῆ
804 2144 1306 2227 ⁰u2¹²9⁰t311³3231¹331n3³5213213us
1323 2146 1416 2226 '³552

76 2199 214 2270 Zdeicitur
239 2250 267 2281 φ
304 2202 511 2272 medicina}
538 2202 693 2272 θυθξῄιιε
718 2238 897 2282 probetur
922 2241 1103 2284 appareat
1128 2240 1151 2273 ὃ
1221 2203 1415 2292 &beni-³31³

75 2282 114 2328 (b
146 2284 187 2318 in
216 2295 240 2317 u
271 2295 359 2319 coor.
385 2297 430 2319 m.
456 2297 485 2320 r.
518 2290 584 2328 et3
610 2286 652 2320 in
681 2297 752 2320 νας.
783 2287 957 2331 seriptum
987 2292 1054 2331 est,
1084 2287 1231 2322 uzdetm
1261 2286 1374 2330 fuisse
1403 2286 1416 2305 2

77 2331 146 2375 (ur)
218 2342 308 2378 egra
332 2331 360 2365 F
398 2342 487 2376 egra
512 2345 540 2376 φ

1064 2393 1132 2426 16*
