1591 2556
125 111 211 151 230
706 109 834 144 LIBRI
861 108 892 142 X

1558 222 1569 234 r
1563 188 1568 194 ,
1544 0 1578 172 exa-affl

129 207 275 249 iudicii
306 206 553 262 religionem
592 220 686 247 cum
718 206 843 247 fidem
876 220 994 246 suam
1031 219 1170 246 coram
1202 204 1376 245 lacerari
1406 204 1466 245 ui-

128 267 261 320 deret,
298 266 581 320 multiplicato
615 265 753 306 studio
792 265 1067 305 uerberonem
1098 263 1219 304 illum
1252 263 1468 305 contendit

126 326 391 380 redarguere,
433 324 563 365 donec
601 323 717 365 iussu
756 324 1084 378 magistratuum
1121 322 1357 363 ministeria
1393 337 1466 376 pu-

125 384 237 425 blica
280 383 550 425 contrectatis
600 383 849 437 nequissimi
895 382 1006 423 serui
1055 381 1250 422 manibus
1294 380 1466 422 anulum

126 443 309 484 ferreum
361 442 666 496 deprehensum
717 456 812 483 cum
862 442 983 495 signo
1034 440 1188 481 sacculi
1233 440 1467 494 conferunt,
1505 457 1521 483 5

127 517 233 556 quae
266 501 526 555 comparatio
564 501 882 554 praecedentem
920 500 1138 540 roborauit
1173 499 1467 553 suscipionem.

127 576 203 602 nec
241 564 334 601 rota
371 560 440 601 uel
478 560 645 601 eculeus
682 574 798 601 more
832 558 1086 600 Graecorum
1124 558 1347 599 tormentis
1379 558 1468 599 eius

127 623 329 673 apparata
366 620 450 660 iam
489 619 660 660 deerant
698 619 770 660 sed
808 618 1045 659 offirmatus
1083 617 1191 658 mira
1227 632 1469 672 praesump-

126 679 241 719 tione
284 679 412 719 nullis
454 678 700 719 uerberibus
746 692 791 718 ac
835 692 886 718 ne
931 677 1022 731 ipso
1068 676 1237 730 quidem
1281 691 1468 717 succum-

126 738 190 778 bit
221 737 321 792 igni.
1488 755 1522 780 10

214 795 287 837 XI.
320 796 428 837 Tum
456 796 642 837 medicus
669 795 769 837 enon
795 795 948 849 patiar’
975 794 1114 848 inquit
1140 794 1358 849 eherculeS,
1384 809 1469 836 non

127 855 264 909 patiar
296 855 363 896 uel
401 857 548 896 contra
578 855 641 895 fas
675 855 723 895 de
762 855 982 895 innocente
1014 854 1096 894 isto
1129 853 1280 895 iuuene
1313 854 1469 908 suppli-

130 915 241 956 cium
280 929 356 955 uos
395 929 577 967 sumere,
618 914 685 954 uel
722 913 834 954 hunc
874 913 1091 953 ludificato
1130 916 1275 953 nostro
1314 913 1469 955 iudicio

128 988 306 1027 poenam
339 973 456 1014 noxii
494 972 692 1013 facinoris
731 972 917 1012 euadere.
980 971 1086 1012 dabo
1119 972 1230 1012 enim
1262 972 1322 1013 rei
1354 987 1470 1026 prae-

127 1033 258 1073 sentis
292 1032 463 1073 euidens
502 1033 809 1086 argumentum.
871 1045 968 1070 nam
1008 1045 1101 1071 cum
1139 1045 1347 1071 uenenum
1379 1046 1469 1085 per·
1488 1050 1522 1075 15

127 1091 382 1145 emptorium
417 1105 658 1144 comparare
691 1089 900 1143 pessimus
927 1089 1006 1130 iste
1033 1089 1220 1143 gestiret,
1251 1104 1327 1131 nec
1352 1105 1469 1132 meae

127 1153 266 1191 sectae
299 1150 509 1190 crederem
542 1149 766 1190 conuenire
799 1163 945 1189 causas
978 1147 1055 1188 ulli
1083 1148 1282 1201 praebere
1307 1149 1469 1203 mortis,

126 1224 202 1250 nec
244 1209 373 1250 exitio
412 1208 485 1249 sed
523 1208 650 1248 saluti
686 1207 908 1248 hominum
947 1207 1197 1248 medicinam
1236 1208 1470 1262 quaesitam

127 1283 218 1310 esse
252 1267 509 1321 didicissem,
548 1282 698 1308 uerens
736 1282 786 1307 ne
825 1266 860 1307 si
899 1266 1095 1307 daturum
1133 1281 1199 1307 me
1237 1280 1470 1322 negassem,

127 1327 428 1381 intempestiua
468 1326 637 1380 repulsa
676 1325 789 1366 uiam
832 1325 978 1366 sceleri
1019 1325 1386 1367 subministrarem
1427 1329 1469 1368 et
1489 1345 1523 1370 20

127 1387 178 1427 ab
224 1387 306 1427 alio
349 1386 548 1440 quopiam
589 1384 849 1426 exitiabilem
893 1387 1103 1425 mercatus
1144 1384 1212 1425 hic
1252 1385 1469 1438 potionem

127 1446 195 1486 uel
228 1448 491 1499 postremum
525 1444 664 1499 gladio
696 1443 765 1484 uel
791 1443 943 1497 quouis
969 1443 1054 1484 telo
1081 1443 1197 1484 nefas
1223 1443 1469 1485 inchoatum

126 1505 357 1558 perficeret,
378 1503 471 1544 dedi
497 1518 707 1544 uenenum
734 1502 807 1543 sed
833 1502 1119 1556 somniferum,
1145 1502 1469 1558 mandragoram

128 1563 248 1604 illum
291 1562 532 1617 grauedinis
571 1564 809 1615 compertae
847 1561 1057 1602 famosum
1096 1564 1137 1602 et
1173 1561 1301 1602 morti
1340 1562 1468 1603 simil-

127 1622 220 1662 limi
261 1621 424 1675 soporis
467 1621 690 1662 efficacem.
760 1635 835 1661 nec
878 1620 1033 1660 mirum
1079 1620 1467 1674 desperatissimum
1488 1638 1521 1665 25

127 1681 257 1723 istum
295 1681 502 1721 latronem
541 1683 701 1720 eertum
740 1682 951 1721 extremae
988 1694 1164 1733 poenae,
1209 1694 1314 1734 quae
1351 1694 1468 1722 more

128 1741 337 1781 maiorum
369 1740 411 1779 in
444 1754 538 1780 eum
572 1739 791 1792 competit,
830 1739 1040 1780 cruciatus
1072 1738 1177 1779 istos
1209 1741 1257 1779 ut
1286 1738 1466 1780 leuiores

128 1799 251 1840 facile
283 1798 474 1840 tolerare.
527 1798 599 1839 sed
631 1798 666 1838 si
698 1813 795 1839 uere
821 1812 925 1851 puer
950 1797 1055 1838 meis
1081 1800 1358 1851 temperatam
1383 1812 1467 1839 ma-

128 1858 253 1898 nibus
286 1858 467 1911 sumpsit
498 1857 727 1910 potionem,
759 1856 868 1897 uiuit
899 1859 940 1897 et
973 1856 1152 1910 quiescit
1179 1859 1220 1897 et
1245 1856 1400 1897 dormit
1425 1859 1468 1898 et

128 1917 323 1971 protinus
355 1916 540 1957 marcido
574 1930 723 1969 sopore
750 1916 938 1957 discusso
965 1915 1169 1956 remeabit
1195 1915 1246 1955 ad
1272 1915 1381 1956 diem
1406 1915 1466 1957 lu·
1487 1933 1521 1958 30
1555 1920 1566 1951 2

129 1976 282 2017 eidam:
316 1975 428 2029 quod
460 1974 495 2015 si
528 1990 625 2015 uere
657 1977 900 2028 peremptus
933 1976 1008 2028 est,
1040 1974 1076 2015 si
1107 1976 1242 2015 morte
1267 1989 1466 2028 praeuen-
1552 1976 1561 1993 '

129 2038 197 2075 tus
231 2037 306 2087 est,
339 2034 550 2088 quaeratis
582 2033 680 2074 licet
713 2048 859 2075 causas
891 2033 1040 2074 mortis
1074 2033 1163 2074 eius
1195 2032 1326 2073 alias.'

1586 259 1591 278 'l

1590 282 1591 294 η

1554 519 1580 711 ἓ“”·“Ι.’τῦ-’»Υὶ·’
1564 491 1566 494 ’
1564 411 1580 446 :s
1569 348 1576 358 -

1552 999 1585 1268 ‘fflssifflmQ'
1556 834 1585 963 “⁴¹20321‘P'i
1557 810 1565 814 ι
1563 768 1585 795 :3
1567 743 1570 748 Δ
1567 720 1569 724 ξ

1556 1262 1584 1360 ’δὲδ’“

1581 1322 1584 1333 1

1581 1370 1584 1378 ι

1577 1452 1583 1460 u

1581 1462 1583 1472 ι

1563 1354 1580 1396 ἔ

1555 1427 1579 1471 ⁹7⁴

223 2178 243 2207 8
277 2172 454 2216 offirma·r3
482 2173 508 2206 F
607 2177 626 2206 9
660 2172 739 2217 ipso
766 2173 861 2216 Ἑφδ
958 2176 1000 2206 23
1026 2171 1272 2217 mandragora
1298 2171 1325 2205 F
1351 2174 1468 2216 (erasa

129 2249 179 2279 est
210 2249 296 2278 'nota
326 2245 456 2288 accus.)
560 2246 604 2276 24
636 2234 717 2276 mut
745 2243 772 2276 F
805 2245 834 2287 (t
867 2254 932 2278 scr.
959 2254 1004 2277 m.
1036 2243 1142 2277 ualde
1174 2244 1306 2287 recens)
1345 2228 1413 2276 illii
1438 2256 1466 2287 φ

128 2291 231 2325 istud
255 2290 350 2324 illud
382 2292 404 2325 ὃ
524 2294 567 2324 25
600 2289 729 2324 efficax
755 2290 831 2324 F26
952 2294 993 2323 31
1031 2289 1130 2333 quod
1155 2289 1233 2324 siue
1260 2289 1323 2334 Fcp
1368 2290 1468 2333 quod

132 2338 209 2372 siue
236 2340 406 2384 pempt-us
435 2342 452 2372 ἓ
495 2337 573 2371 siue
599 2339 715 2371 morte
743 2338 764 2371 ὃ
