1591 2556
611 92 712 127 GAP.
732 88 967 127 xv-X'Vin
1401 94 1451 142 53,

116 188 325 243 quendam
356 188 560 230 forficulis
593 188 893 229 adtondentem
929 189 1123 243 caprinos
1161 193 1288 232 utres.
1351 205 1457 244 quos

115 263 211 289 cum
231 248 362 302 probe
389 248 640 289 constrictos
665 248 919 301 inflatosque
946 251 987 288 et
1013 248 1096 289 iam
1123 249 1345 302 pendentis
1373 264 1456 290 cer-

114 322 275 360 nerem,
323 321 374 348 ne
408 320 582 359 prorsus
624 308 768 348 uacuis
805 307 998 348 manibus
1039 308 1231 361 redirem,
1281 308 1456 362 capillos

70 366 76 372 ’
115 381 259 407 eorum
299 365 419 406 humi
456 366 639 407 iacentes
676 366 810 407 fiauos
849 380 896 407 ac
936 380 1011 420 per
1053 366 1134 407 hoc
1177 366 1241 407 illi
1278 367 1455 409 Boeotio

78 441 94 467 5
115 425 258 466 iuueni
278 424 518 466 consimiles
539 425 754 479 plusculos
775 425 918 466 aufero
946 440 1101 479 eosque
1122 425 1315 466 dominae
1341 441 1457 468 meae

114 483 379 525 dissimulata
409 484 588 525 ueritate
614 484 745 525 trado.
797 484 857 525 sic
883 484 1020 525 noctis
1047 484 1182 538 initio,
1208 485 1455 539 priusquam

113 557 215 584 cena
246 546 287 584 te
319 543 548 597 reciperes,
588 543 846 597 [Pamphile]
886 558 978 584 mea
1017 544 1100 584 iam
1138 558 1286 585 uecors
1325 545 1456 585 animi

112 604 271 643 tectum
303 602 549 644 scandulare
582 602 837 656 conscendit,
870 602 982 656 quod
1008 602 1258 644 altrinsecus
1291 603 1456 644 aedium

112 664 258 714 patore
314 661 524 715 perflabili
578 662 783 702 nudatum
834 661 885 701 ad
935 661 1160 703 orientales
1211 664 1456 716 ceterosque

2 755 5 764 4
59 738 92 763 10
112 719 256 761 omnes
288 720 397 774 <ad>
430 723 624 775 aspectus
655 721 927 774 imperuium,
965 721 1148 762 maxime
1186 721 1252 761 his
1293 721 1455 763 artibus

112 779 199 820 suis
232 779 557 834 commodatum,
589 783 749 821 secreto
777 779 889 833 colit,
920 780 1123 834 priusque
1155 783 1359 834 apparatu
1392 795 1455 821 so-

111 838 188 879 lito
220 838 394 881 instruit
424 839 597 880 feralem
630 839 862 892 officinam,
905 839 1047 892 [omne
1086 853 1219 893 genus
1253 840 1454 880 aromatis

112 897 171 951 et]
205 897 498 952 ignorabiliter
529 898 718 939 litteratis
744 898 956 940 lamminis
982 901 1023 939 et
1050 898 1282 939 infelicium
1309 899 1455 939 auium

0 977 7 1026 Γ
110 970 226 1012 omne
267 971 394 1010 yemis
438 959 635 999 aromatis
685 957 936 998 durantibus
988 957 1243 1010 repletarum
1292 958 1453 1012 formis,

0 1056 3 1069 Δ
60 1033 92 1059 15
111 1015 375 1069 sepultorum
396 1017 522 1057 etiam
550 1017 801 1058 cadauerum
828 1017 1033 1070 expositis
1060 1016 1207 1057 multis
1228 1017 1454 1057 admodum

0 1071 2 1084 ;
110 1075 323 1116 membris.
385 1075 454 1116 hic
485 1091 607 1116 nares
640 1078 681 1116 et
714 1075 856 1130 digiti,
895 1075 983 1116 illic
1015 1076 1181 1117 carnosi
1213 1076 1323 1116 claui
1355 1091 1454 1129 pen-

112 1133 313 1187 dentium,
345 1134 447 1174 alibi
479 1135 785 1175 trucida-torum
818 1137 1011 1175 seruatus
1053 1149 1176 1175 cruor
1214 1137 1255 1175 et
1287 1137 1455 1175 extorta

112 1192 308 1233 dentibus
339 1193 523 1234 ferarum
557 1196 706 1234 trunca
738 1193 931 1234 caluaria.
983 1192 1140 1234 XVIII.
1180 1196 1281 1234 tunc
1308 1194 1453 1235 decan-

111 1252 212 1292 tatis
251 1252 510 1305 spirantibus
554 1252 673 1293 fibris
717 1252 814 1309 litat
857 1252 975 1293 uario
1019 1252 1161 1306 latice,
1205 1267 1316 1294 nunc
1360 1268 1453 1294 rore

0 1341 1 1350 ,
56 1329 91 1353 20
110 1310 298 1364 fontano,
323 1325 433 1351 nunc
460 1311 568 1352 lacte
595 1311 782 1363 uaccino,
814 1326 926 1352 nunc
951 1311 1075 1352 melle
1101 1314 1316 1365 montano,
1347 1312 1454 1353 libat

111 1372 153 1410 et
184 1369 332 1410 mulsa.
396 1370 455 1410 sic
488 1370 583 1411 illos
616 1370 792 1424 capillos
825 1371 868 1410 in
900 1373 1071 1411 mutuos
1110 1385 1242 1412 nexus
1283 1371 1453 1412 obditos

111 1425 446 1482 affi'ue'nodatos
479 1444 573 1470 cum
605 1429 753 1470 multis
785 1429 984 1469 odoribus
1018 1429 1089 1469 dat
1120 1430 1231 1470 uiuis
1265 1430 1453 1471 carboni-

110 1487 189 1528 bus
227 1487 465 1529 adolendos.
534 1491 635 1529 tunc
672 1488 867 1542 protinus
906 1488 1227 1542 inexpugnabili
1264 1490 1453 1543 magicae

111 1546 357 1600 disciplinae
394 1549 606 1601 potestate
638 1550 680 1588 et
712 1562 833 1588 caeca
863 1547 1085 1588 numinum
1118 1550 1361 1589 coactorum
1393 1548 1453 1589 ui-

55 1623 89 1648 25
110 1605 268 1646 olentia
304 1605 378 1646 illa
414 1620 608 1660 corpora,
646 1621 827 1660 quorum
864 1606 1086 1647 fumabant
1124 1607 1351 1648 stridentes
1390 1622 1452 1648 ca-

108 1664 219 1719 pilli,
268 1665 466 1718 spiritum
515 1668 765 1706 mutuantur
813 1665 1046 1706 humanum
1091 1668 1133 1706 et
1176 1666 1366 1707 sentiunt
1411 1670 1453 1708 et

3 428 11 469 l

108 1814 295 1838 cernerem
320 1806 368 1848 (p.
391 1808 445 1840 59.
462 1808 495 1848 2)
595 1809 612 1838 1
641 1805 903 1839 actondentem
929 1805 1005 1839 Fu?
1092 1809 1109 1839 7
1138 1805 1364 1851 [Pamphile]
1391 1817 1450 1841 ex-

108 1852 200 1886 clusi
224 1852 268 1895 cf.
299 1855 374 1886 174.
391 1855 451 1894 293
481 1855 557 1886 179.
574 1856 593 1885 2
672 1856 691 1886 9
718 1854 845 1896 patere
873 1861 902 1895 φ
976 1852 1172 1897 perflauuli
1198 1852 1243 1886 F1
1268 1854 1312 1896 cf.
1335 1857 1390 1887 66.
1407 1857 1450 1887 27

108 1897 287 1943 perflatili
312 1907 342 1941 φ
351 1911 376 1943 g
400 1898 581 1943 perflacili
607 1900 629 1933 ὃ
725 1899 907 1933 nudatum
934 1899 981 1933 ad
1008 1899 1207 1934 orientales
1234 1902 1450 1944 ceterosque

110 1956 235 1980 omnes
262 1945 368 1993 (ad)
401 1948 573 1990 aspectus
605 1945 882 1992 <im>peruium
919 1948 1064 1991 scrips,
1086 1947 1134 1981 ad
1167 1957 1292 1981 omnes
1332 1947 1451 1982 orien-

109 1992 204 2027 tales
243 1994 458 2037 ceterosque
497 1995 670 2038 aspectus
706 1993 877 2038 peruium
914 1995 991 2028 cdd.
1043 1994 1092 2028 ad
1129 2005 1211 2028 oras
1251 1994 1450 2029 orientales

113 2040 205 2075 Oud.
238 2040 278 2074 E.
330 2040 379 2074 ad
417 2051 542 2075 omnes
587 2040 803 2085 [orientales
848 2042 1079 2087 ceterosque]
1118 2043 1289 2086 aspectus
1329 2042 1450 2085 Luetj.

112 2090 154 2120 12
187 2098 293 2121 omne
324 2098 440 2132 genus
473 2087 651 2122 aromatis
680 2090 789 2132 posui
820 2092 903 2123 ante
929 2088 1150 2122 durantibus
1249 2093 1291 2123 13
1325 2088 1451 2123 auium

110 2134 356 2169 Passieratius
397 2134 551 2169 nauium
593 2135 671 2169 cdd.
793 2139 836 2169 14
879 2135 1106 2180 repletarum
1151 2135 1278 2170 formis
1323 2137 1453 2179 scripsi

112 2181 257 2215 damnis
284 2181 502 2216 defletorum
528 2182 592 2225 an
644 2181 760 2216 clauis
788 2182 1004 2217 defletorum
1031 2184 1086 2227 &g
1135 2183 1323 2217 officinam
1343 2193 1449 2216 omne

110 2238 225 2272 genus
259 2229 435 2263 aromatis
469 2231 505 2263 et
536 2228 797 2273 ignorabiliter
828 2229 1015 2263 lamminis
1047 2229 1225 2264 litteratis
1259 2232 1296 2263 et
1327 2228 1450 2263 infeli-

111 2274 209 2309 cium
238 2275 393 2310 nauium
424 2275 644 2310 durantibus
677 2276 838 2320 damnis,
872 2276 1091 2311 defletorum
1122 2277 1162 2311 E.
1262 2279 1307 2310 24
1338 2287 1450 2311 caeca

110 2321 177 2364 Fq)
203 2324 335 2357 cuncta
362 2324 384 2357 ὃ
489 2327 533 2357 26
559 2322 762 2357 humanum
787 2325 919 2359 deleuit
943 2324 982 2358 E.
