1591 2556
486 88 587 123 CAP.
613 88 884 122 XXI—XXHH
1275 91 1295 130 1
1306 91 1325 130 1
1335 91 1356 130 1

4 185 150 247 dulos,
177 199 355 239 quorum
378 184 600 238 splendore
620 184 753 225 nimio
779 184 1026 239 fulgurante
1046 185 1129 225 iam
1151 189 1192 227 et
1218 187 1359 241 ipsum

4 247 158 285 ¹lumen
196 244 390 285 lucernae
429 243 687 285 uaccillabat.
749 258 825 297 per
862 258 1030 284 umeros
1072 244 1260 286 uolatilis
1293 246 1360 287 dei

4 303 169 357 pinnae
194 303 383 344 roscidae
409 303 584 343 micanti
610 303 713 343 flore
743 302 964 343 candicant
990 305 1032 343 et
1058 305 1252 356 quamuis
1280 305 1359 346 alis

2 362 333 416 lquiescentibus
372 362 553 403 extimae
593 361 808 416 plumulae
849 361 1028 402 tenellae
1071 377 1117 403 ac
1156 363 1359 405 delicatae

2 412 195 462 tremule
221 420 477 462 resultantes
503 421 693 475 inquieta
717 420 957 462 lasciuiunt.
1000 423 1186 462 ceterum
1207 437 1359 476 corpus

2 470 245 542 'glabellum
274 483 399 533 atque
420 480 683 521 luculentum
705 482 746 520 et
772 479 895 534 quale
914 480 1128 534 peperisse
1149 480 1358 522 Venerem

2 520 99 580 111011
141 539 386 593 paeniteret.
449 542 545 580 ante
588 539 735 580 lectuli
778 539 906 593 pedes
950 539 1113 580 iacebat
1155 555 1275 581 arcus
1317 544 1360 582 et

1 580 212 652 lpharetra
231 601 273 639 et
293 598 486 652 sagittae,
505 598 650 652 magni
672 598 736 639 dei
751 598 938 652 propitia
951 598 1045 640 tela.
1077 598 1235 640 XXIII.
1251 614 1358 654 quae

14 657 113 698 dum
144 657 377 698 insatiabili
410 658 548 699 animo
580 657 745 711 Psyche
783 658 886 698 satis
919 657 998 712 [et]
1032 658 1198 699 curiosa
1235 659 1358 699 rima-

0 718 83 769 15111·
115 719 241 771 atque
271 719 502 771 pertrectat
539 719 581 758 et
617 716 761 757 mariti
799 717 865 757 sui
903 717 1083 757 miratur
1120 732 1252 771 arma,
1291 718 1357 759 de-

5 776 174 829 promit
205 791 331 816 unam
365 776 414 816 de
445 776 644 830 pharetra
676 776 877 830 sagittam
909 778 950 817 et
988 779 1146 830 puncto
1189 777 1357 831 pollicis

12 837 245 875 extremam
284 835 415 876 aciem
453 835 790 890 periclitabunda
830 836 1052 876 trementis
1085 836 1213 876 etiam
1245 851 1358 878 nunc

12 894 181 934 articuli
212 894 309 950 nisu
340 895 515 936 fortiore
546 894 730 949 pupugit
768 894 914 948 altius,
955 897 1003 935 ut
1033 910 1356 948 permsummam

13 955 152 1005 cutem
189 950 434 994 -rorauerint
471 954 673 1008 paruulae
706 953 926 1008 sanguinis
963 954 1075 995 rosei
1108 954 1164 1008 [p.
1193 955 1259 995 92.
1286 954 1356 1009 E]

12 1014 170 1066 guttae.
231 1013 292 1054 sic
332 1013 480 1067 ignara
510 1013 675 1067 Psyche
720 1015 870 1067 sponte
915 1013 958 1053 in
996 1013 1168 1054 Amoris
1206 1014 1357 1054 incidit

11 1085 207 1112 amorem.
252 1074 353 1113 tunc
378 1073 514 1127 magis
540 1072 761 1127 magisque
794 1072 989 1126 cupidine
1015 1072 1204 1127 fraglans
1231 1072 1354 1126 Cupi-

12 1129 134 1184 dinis,
164 1145 298 1184 prona
329 1131 373 1171 in
405 1146 501 1172 eum
533 1131 725 1172 efflictim
758 1131 938 1185 inhians,
969 1132 1126 1185 patulis
1159 1147 1206 1173 ac
1237 1135 1354 1185 petu-

10 1188 199 1230 lantibus
236 1190 366 1230 sauiis
397 1190 648 1231 festinanter
678 1190 875 1244 ingestis,
907 1191 956 1231 de
989 1191 1126 1231 somni
1158 1206 1355 1232 mensura

3 1248 237 1289 metuebat.
300 1249 373 1290 sed
405 1250 504 1290 dum
536 1249 646 1290 bono
679 1251 798 1290 tanto
837 1249 998 1303 percita
1036 1250 1177 1291 saucia
1213 1253 1354 1291 mente

2 1307 202 1361 fluctuat,
233 1308 405 1349 lucerna
431 1308 515 1361 illa,
541 1308 630 1349 siue
656 1308 834 1362 perfidia
858 1309 1043 1362 pessima
1071 1309 1161 1350 siue
1193 1309 1355 1350 inuidia

2 1358 138 1407 noxia
169 1367 258 1408 siue
291 1367 403 1421 quod
448 1367 532 1408 tale
576 1382 728 1421 corpus
766 1368 1011 1422 contingere
1053 1371 1094 1409 et
1132 1368 1251 1422 quasi
1284 1368 1354 1409 ba-

10 1424 119 1466 siare
151 1428 193 1466 et
223 1426 316 1479 ipsa
347 1426 568 1481 gestiebat,
600 1427 790 1467 euomuit
821 1426 871 1467 de
898 1442 1063 1467 summa
1086 1427 1261 1468 luminis
1288 1428 1355 1468 sui

10 1484 169 1524 stillam
218 1485 423 1526 feruentis
474 1485 555 1526 olei
605 1500 732 1539 super
774 1500 967 1526 umerum
1012 1486 1077 1527 dei
1122 1487 1352 1527 dexterum.

8 1542 106 1584 hem
141 1544 277 1584 audax
309 1547 350 1585 et
381 1544 605 1586 temeraria
635 1544 806 1585 lucerna
847 1548 889 1586 et
921 1545 1076 1586 amoris
1108 1545 1193 1586 uile
1231 1546 1352 1586 mini-

9 1602 202 1656 sterium,
241 1603 381 1656 ipsum
413 1604 525 1658 ignis
556 1604 690 1645 totius
723 1604 843 1645 deum
875 1604 1034 1658 aduris,
1076 1619 1170 1645 cum
1203 1608 1244 1645 te
1277 1605 1352 1646 sci-

0 1660 108 1702 ]licet
139 1664 302 1703 amator
328 1663 492 1717 aliquis,
518 1665 566 1703 ut
598 1663 757 1703 diutius
790 1663 946 1717 cupitis
978 1664 1105 1705 etiam
1131 1667 1253 1705 nocte
1280 1679 1352 1717 po-

0 1720 173 1774 tiretur,
192 1721 355 1774 primus
376 1722 597 1763 inuenerit.
630 1722 690 1763 sic
709 1722 877 1763 inustus
892 1723 1043 1764 exiluit
1057 1723 1159 1764 deus
1173 1723 1350 1777 uisaque

9 1779 266 1821 detrectatae
296 1781 395 1822 fidei
427 1781 608 1822 colluuie
647 1783 839 1835 protinus
872 1797 923 1823 ex
955 1781 1109 1824 osculis
1148 1785 1189 1823 et
1220 1782 1352 1822 mani-

6 1838 87 1879 bus
119 1838 432 1881 infelicissimae
465 1840 657 1895 coniugis
683 1841 838 1882 tacitus
865 1841 1064 1882 auolauit.
1105 1839 1286 1882 XXIIII.
1309 1845 1352 1882 at

103 2006 122 2035 2
148 2002 376 2037 uaccillabat
407 2003 462 2037 W.
489 2004 532 2046 cf.
560 2006 691 2046 93.17;
720 2007 796 2037 115.
814 2008 856 2038 :29
896 2004 1105 2038 bacillabat
1130 2004 1157 2037 F
1188 1989 1349 2038 ubaccil-

6 2047 114 2083 labat
140 2063 167 2093 φ
307 2054 326 2084 9
360 2050 430 2095 [et]
457 2050 577 2094 Luetj.
717 2054 761 2084 10
792 2053 998 2095 pertractat
1030 2065 1056 2095 φ
1102 2051 1258 2085 miratur
1290 2052 1349 2085 F&

6 2095 164 2130 rimatur
202 2110 229 2140 φ
273 2098 317 2140 cf.
353 2101 406 2132 79.
429 2101 472 2130 2⁸
590 2101 632 2130 12
671 2098 832 2132 tremens
871 2100 893 2133 ὃ
1038 2103 1079 2132 16
1118 2098 1283 2143 fraglans
1322 2098 1349 2131 F

10 2146 59 2182 25,
76 2143 163 2179 dm*
182 2143 210 2177 F
238 2144 325 2178 dnm
345 2159 372 2189 φ
400 2143 590 2178 dominum
608 2144 648 2178 E.
677 2144 785 2179 deum
806 2147 828 2180 ὃ
906 2150 950 2180 ‘28
972 2146 1202 2180 detrectatae
1222 2147 1352 2189 scr-eps&

8 2224 153 2259 detecte
179 2227 256 2261 cdd.
299 2226 466 2261 defectae
498 2227 594 2261 chm
618 2226 658 2261 E.
756 2202 917 2266 collubie
944 2228 971 2262 F
998 2228 1144 2262 colubie
1165 2242 1192 2272 φ
1265 2238 1349 2272 pro-

5 2271 257 2353 ῧῗυῗὸᾗὲὴᾱε
286 2285 434 2318 prorsus
461 2275 539 2309 edd.
638 2274 772 2308 osculis
800 2267 912 2310 Crass
935 2275 1051 2310 oculis
1078 2277 1154 2310 cdd.
1183 2276 1227 2317 cf.
1258 2275 1348 2309 Gen.
