1591 2556
558 107 659 141 CAP.
686 94 1008 140 XXIIII—'XXVII
1369 104 1455 145 273

114 207 344 261 nequirem.
406 202 561 245 XXVI.
594 203 667 243 diu
698 201 878 255 denique
911 201 1145 255 gratiarum
1177 201 1455 255 gerendarum

115 279 308 307 sermone
333 263 499 317 prolixo
526 263 812 303 commoratus
839 260 1009 301 tandem
1036 259 1250 314 digredior
1275 263 1317 301 et
1343 264 1457 301 recta

116 325 172 379 [p.
189 322 367 376 222.E.]
407 321 609 375 patriam,
649 320 780 361 larem
818 319 1035 360 reuisurus
1073 333 1214 359 meum
1251 322 1349 373 post
1387 319 1457 360 ali-

117 398 242 438 quam
273 381 456 422 multum
488 380 708 434 temporis,
747 378 954 420 contendo
986 378 1215 432 paucisque
1246 382 1344 431 post
1377 378 1459 419 die-

80 461 95 483 r,
117 443 212 495 bus,
251 441 351 481 deae
382 439 569 493 potentis
607 439 830 489 instinctu,
869 437 1023 491 raptim
1062 437 1303 478 constrictis
1336 438 1459 478 sarci-

116 500 247 553 nulis,
295 513 402 539 naue
452 512 679 539 conscensa
727 497 907 538 Romam
957 510 1106 537 uersus
1154 496 1460 550 profectionem

118 559 254 613 dirigo
270 561 472 612 tutusque
486 557 767 611 prosperitate
787 558 1012 597 uentorum
1033 555 1259 596 ferentium
1273 555 1461 611 Augusti

117 621 288 672 portum
321 617 538 658 celerrime
576 616 827 670 <perueni0>
866 629 912 654 ac
951 614 1102 655 dehinc
1140 617 1339 668 carpento
1372 629 1460 669 per-

117 677 260 718 uolaui
292 690 550 730 uesperaque
583 689 709 729 quam
743 674 830 715 dies
864 673 1165 727 insequebatur
1195 672 1349 714 Iduum
1381 673 1461 715 De—

66 756 98 778 lo
119 736 351 777 cembrium
389 737 697 775 sacrosanctam
736 734 861 774 istam
901 732 1118 773 ciuitatem
1157 733 1318 774 accedo.
1386 747 1463 774 nec-

119 795 253 835 ullum
279 797 366 835 tam
391 794 665 847 praecipuum
691 792 797 833 mihi
824 791 973 833 exinde
994 791 1183 832 studium
1208 792 1302 845 fuit,
1335 807 1463 846 quam

118 853 272 895 cotidie
305 852 541 907 supplicare
573 866 739 893 summo
775 851 940 892 numini
972 851 1141 905 reginae
1174 849 1318 905 Isidis,
1357 866 1463 905 quae

119 913 169 954 de
201 911 349 965 templi
381 912 467 952 situ
499 914 670 965 sumpto
703 911 873 951 nomine
900 909 1147 963 Campensis
1177 924 1343 951 summa
1369 925 1465 951 cum

119 971 389 1013 ueneratione
421 970 688 1024 propitiatur.
740 984 853 1010 eram
880 969 1017 1010 cultor
1043 969 1223 1022 denique
1250 969 1465 1022 adsiduus,

66 1049 98 1073 ιε,
117 1031 205 1071 fani
237 1029 407 1084 quidem
439 1029 610 1082 aduena,
642 1029 862 1083 religionis
895 1031 1036 1069 autem
1068 1028 1276 1082 indigena.

205 1089 316 1130 Ecce
340 1091 582 1129 transcurso
607 1088 811 1142 signifero
832 1087 989 1128 circulo
1012 1086 1085 1128 Sol
1104 1101 1284 1141 magnus
1305 1102 1463 1128 annum

119 1147 403 1202 compleuerat
423 1150 464 1189 et
485 1148 669 1201 quietem
689 1161 825 1188 meam
845 1161 992 1187 rursus
1013 1146 1256 1200 interpellat
1276 1147 1464 1189 numinis

120 1207 295 1248 benefici
328 1221 427 1247 cura
457 1206 678 1260 peruigilis
711 1209 752 1246 et
783 1220 929 1247 rursus
956 1205 1120 1259 teletae,
1152 1220 1298 1246 rursus
1325 1220 1461 1246 sacro-

120 1281 214 1307 rum
246 1268 494 1310 commonet.
544 1265 728 1306 mirabar
754 1265 855 1319 quid
881 1265 941 1305 rei
968 1267 1207 1318 temptaret⁷
1240 1265 1342 1319 quid
1368 1280 1463 1319 pro·

7 1344 8 1349 ¹
67 1344 102 1367 20
121 1325 337 1366 nuntiaret
366 1325 575 1377 futurum,
609 1324 755 1378 quidni
781 1324 1026 1378 plenissime
1054 1324 1139 1364 iam
1166 1324 1325 1364 dudum
1352 1324 1466 1365 uide-

122 1384 198 1425 bar
228 1384 432 1425 initiatus.
493 1382 670 1424 XXVII.
710 1398 757 1424 ac
795 1383 894 1424 dum
932 1382 1179 1437 religiosum
1219 1383 1466 1437 scrupulum

123 1443 278 1496 partim
306 1443 417 1496 apud
442 1457 584 1483 meum
611 1457 781 1483 sensum
808 1442 991 1496 disputo,
1023 1442 1179 1495 partim
1206 1445 1469 1483 sacratorum

125 1501 312 1542 consiliis
346 1502 559 1554 examino⁷
597 1516 757 1542 nouum
795 1501 1034 1554 mirumque
1066 1501 1190 1554 plane
1223 1502 1470 1555 comperior,

127 1561 226 1601 deae
258 1561 429 1614 quidem
461 1576 527 1601 me
559 1563 725 1601 tantum
766 1560 895 1601 sacris
928 1560 1125 1600 inbutum
1158 1564 1199 1601 at
1227 1561 1373 1615 magni
1405 1560 1471 1600 dei

72 1638 106 1661 «ῃ,
127 1619 334 1673 deumque
367 1620 522 1660 summi
548 1620 748 1673 parentis,
780 1619 929 1660 inuicti
957 1617 1104 1672 Osiris,
1136 1619 1314 1660 necdum
1341 1620 1472 1660 sacris

130 1677 411 1719 inlustratum.
475 1693 716 1732 quanquam
749 1679 860 1719 enim
897 1692 1071 1731 conexa,
1110 1678 1239 1719 immo
1271 1693 1372 1719 uero
1414 1680 1471 1719 in-

128 1737 248 1777 unita
278 1737 387 1778 ratio
420 1737 606 1778 numinis
644 1738 947 1792 religionisque
980 1740 1108 1791 esset,
1146 1740 1288 1778 tamen
1320 1737 1472 1778 teletae

129 1796 354 1836 discrimen
404 1796 606 1837 interesse
662 1796 913 1836 maximum:
968 1796 1147 1849 prohinc
1200 1811 1268 1837 me
1318 1810 1472 1851 magno

134 1855 262 1895 etiam
289 1855 365 1895 deo
391 1869 544 1907 quoque
560 1857 648 1908 pete?
672 1854 879 1896 famulum
907 1855 1062 1896 sentire
1089 1855 1247 1896 debere.
1299 1870 1376 1896 nec
1403 1855 1475 1896 diu

225 1986 245 2015 3
277 1981 440 2026 patriam
465 1983 595 2026 scripsi
637 1982 800 2026 patrium
825 1983 903 2017 edd.
1010 1986 1030 2015 8
1065 1981 1298 2029 (permenio)
1324 1984 1477 2018 inseruit

130 2029 255 2064 Rohde
353 2033 372 2063 9
407 2028 491 2082 „dies
524 2030 608 2064 add.
643 2031 722 2064 cdd.
755 2040 819 2064 om.
846 2029 887 2064 E.
989 2033 1032 2063 10
1070 2031 1114 2073 cf.
1149 2029 1249 2065 Flor.
1280 2035 1309 2064 1.
1332 2034 1351 2063 3
1379 2031 1476 2074 (Kr.)

134 2103 176 2133 12
209 2085 419 2144 supplicare
459 2113 486 2144 φ
615 2104 657 2133 13
692 2099 906 2144 Campensis
945 2101 1118 2135 Beroccld.
1169 2086 1338 2144 copensis
1376 2100 1404 2133 F
1417 2102 1477 2144 φὸ

136 2151 180 2180 24
206 2148 246 2180 at
274 2147 364 2182 Oud.
408 2147 457 2181 ad
482 2147 580 2192 Fcpg·
617 2158 661 2181 ac
686 2147 764 2182 δΕ.
862 2151 917 2181 26.
934 2151 975 2181 ‘27
1004 2147 1150 2182 inunita
1175 2147 1272 2181 ratio
1299 2147 1403 2182 Hild.
1430 2150 1475 2190 ef.

138 2196 215 2227 140.
237 2196 258 2227 8
294 2194 439 2229 munita
465 2194 562 2229 ratio
589 2196 626 2240 (a
650 2205 691 2228 ra
717 2194 758 2228 in
783 2205 854 2229 ras.
881 2206 948 2229 scr.
969 2206 1014 2228 m.
1040 2197 1085 2237 r.)
1110 2194 1138 2227 F
1177 2194 1298 2228 munit
1326 2194 1420 2229 artio
1449 2208 1476 2238 φ

137 2243 192 2274 28.
211 2243 254 2274 29
285 2252 343 2275 me
375 2253 511 2286 magno
538 2241 653 2276 etiam
687 2241 754 2275 deo
781 2252 926 2286 quoque
958 2241 1036 2286 peti
1071 2241 1252 2275 famulum
1276 2242 1406 2286 scripsi
1431 2244 1476 2285 cf.

141 2290 217 2321 13⁵2.
240 2291 283 2321 26
320 2299 379 2323 me
417 2300 563 2333 quoque
605 2288 685 2333 peti
729 2299 864 2333 magno
909 2288 1025 2323 etiam
1067 2289 1134 2322 deo
1179 2287 1360 2322 famulum
1398 2290 1477 2324 cdd.

140 2338 184 2367 ‘29
213 2334 346 2369 debere
372 2336 461 2371 Koz.
501 2336 673 2371 deberem
698 2337 776 2370 cdd.

211 2399 338 2425 APVLEI
357 2407 477 2427 METAM.
499 2403 544 2428 ed.
563 2402 668 2427 Vliet
1154 2397 1196 2428 18
