1591 2556
101 110 155 150 68
657 107 784 141 LIBRI
809 107 877 142 IIII

581 265 817 312 LIBER
861 266 955 312 ΠΠ

189 368 218 410 Ι.
275 369 399 411 Diem
431 370 562 411 ferme
595 370 705 411 circa
742 369 940 422 medium,
972 384 1067 411 cum
1099 369 1182 409 iam
1214 368 1438 423 flagrantia

95 429 198 470 solis
231 428 449 482 caleretur,
481 429 524 469 in
556 441 665 483 pago
693 428 876 482 quodam
909 428 1020 482 apud
1050 431 1174 469 notos
1207 442 1254 469 ac
1285 426 1436 468 famili-

94 503 186 529 ares
229 487 467 529 latronibus
508 502 627 528 senes
672 487 942 528 deuertimus.
1013 487 1073 528 sic
1119 486 1230 528 enim
1273 486 1436 540 primus

95 547 236 588 aditus
277 550 319 588 et
363 561 500 588 sermo
544 545 735 600 prolixus
780 549 822 587 et
865 545 1008 587 oscula
1047 548 1196 587 mutua
1240 545 1436 599 quamuis
1475 567 1489 592 5

95 606 214 647 asino
248 606 404 647 sentire
436 605 718 659 praestabant.
782 620 879 645 nam
917 608 958 646 et
990 605 1114 646 rebus
1156 619 1227 646 eos
1265 604 1436 658 quibus-

96 665 191 705 dam
224 664 348 706 dorso
390 679 483 706 meo
517 664 778 718 depromptis
816 663 1147 705 munerabantur
1184 667 1226 704 et
1264 663 1436 704 secretis

99 723 346 778 gannitibus
380 738 460 778 quo
496 726 635 764 essent
666 723 889 764 latrocinio
922 726 1066 777 partae
1099 722 1353 764 uidebantur
1377 722 1437 763 in-

97 783 245 824 dicare.
303 782 471 837 iamque
503 797 579 823 nos
612 782 727 823 omni
759 782 922 823 sarcina
952 782 1161 837 leuigatos
1194 782 1237 822 in
1267 784 1438 835 pratum

96 842 337 895 proximum
369 842 529 895 passim
560 841 694 882 libero
720 842 861 895 pastui
887 841 1108 883 tradidere.
1148 855 1224 882 nec
1248 855 1315 881 me
1342 854 1437 881 cum
1458 860 1491 884 ιο

98 901 216 942 asino
250 901 318 942 uel
350 915 457 955 equo
490 916 583 942 meo
616 915 878 954 conpascuus
904 903 1048 942 coetus
1075 901 1272 942 adducere
1297 899 1439 953 potuit

96 959 235 1001 adhuc
255 960 488 1014 insolitum,
513 960 785 1013 <abundans>
812 959 1001 1014 alioquin
1026 959 1231 1013 prandere
1256 958 1438 999 faenum.

98 1019 172 1060 sed
212 1019 336 1072 plane
373 1033 483 1073 pone
527 1018 742 1059 stabulum
785 1021 1055 1073 prospectum
1095 1017 1313 1059 hortulum
1355 1017 1438 1058 iam

96 1078 208 1118 fame
239 1078 431 1131 perditus
462 1078 642 1119 fidenter
673 1078 827 1118 inuado
860 1081 902 1118 et
934 1077 1129 1132 quamuis
1162 1077 1300 1118 crudis
1326 1075 1438 1117 hole-

96 1137 234 1190 ribus,
279 1137 454 1177 adfatim
496 1139 636 1178 tamen
681 1139 872 1177 uentrem
917 1136 1064 1191 sagino
1110 1136 1293 1190 deosque
1331 1150 1439 1176 com·
1461 1153 1493 1178 15

96 1198 293 1250 precatus
321 1210 466 1236 omnes
491 1198 643 1236 cuncta
673 1195 997 1249 prospectabam
1028 1195 1132 1248 loca,
1164 1194 1299 1236 sicubi
1330 1194 1440 1235 forte

98 1255 372 1296 conterminis
411 1255 454 1295 in
492 1254 675 1296 hortulis
714 1255 895 1295 candens
927 1254 1183 1308 repperirem
1221 1253 1439 1294 rosarium.

97 1329 195 1354 nam
234 1317 275 1355 et
312 1313 405 1367 ipsa
443 1313 628 1355 solitudo
668 1314 752 1354 iam
790 1313 896 1355 mihi
939 1314 1093 1354 bonam
1130 1312 1327 1353 fiduciam
1369 1312 1439 1353 tri-

97 1373 271 1426 buebat,
309 1373 345 1414 si
378 1372 525 1413 deuius
558 1376 599 1414 et
629 1372 824 1414 frutectis
865 1372 1137 1413 absconditus
1179 1374 1347 1426 sumpto
1380 1386 1440 1412 re-

98 1432 236 1472 medio
276 1431 325 1473 de
365 1431 543 1472 iumenti
582 1432 851 1486 quadripedis
889 1432 1065 1472 incuruo
1106 1430 1238 1486 gradu
1270 1445 1437 1471 rursum
1459 1449 1493 1472 20

100 1494 264 1532 erec-tus
296 1490 340 1531 in
371 1490 587 1532 hominem
619 1491 882 1544 inspectante
915 1490 1031 1531 nullo
1063 1503 1337 1544 resurgerem.

187 1548 241 1590 ΙΙ.
288 1549 406 1603 Ergo
439 1549 570 1603 igitur
601 1564 696 1590 cuni
728 1549 770 1590 in
803 1550 886 1590 isto
919 1549 1188 1604 cogitationis
1221 1548 1309 1589 salo
1341 1548 1439 1589 flue-

100 1611 281 1662 tuarem,
320 1608 391 1648 ali·
424 1607 481 1661 [p.
502 1608 569 1648 57.
593 1608 662 1663 E]
696 1612 854 1662 quanto
886 1608 1056 1663 longius
1093 1608 1217 1648 uideo
1249 1607 1439 1648 frondosi

100 1666 285 1708 nemoris
318 1666 552 1708 conuallem
585 1668 847 1721 umbrosam,
886 1667 1005 1708 cuius
1037 1668 1146 1708 inter
1177 1666 1317 1707 uarias
1348 1665 1438 1707 her-

100 1726 222 1766 bulas
255 1729 296 1766 et
327 1726 559 1767 laetissima
590 1726 749 1767 uirecta
778 1726 1034 1781 fulgentium
1060 1740 1250 1767 rosarum
1276 1725 1440 1766 mineus
1460 1742 1493 1767 25

102 1785 218 1826 color
249 1784 477 1826 renidebat.
534 1786 701 1839 iamque
741 1785 851 1839 apud
888 1800 981 1826 mea
1018 1799 1102 1826 11011
1139 1798 1441 1839 usquequaque

101 1844 236 1885 ferina
280 1844 524 1897 praecordia
554 1843 732 1885 Veneris
774 1848 816 1885 et
856 1844 1096 1885 Gratiarum
1139 1844 1281 1884 lucum
1320 1842 1441 1884 illum

103 1903 351 1957 arbitrabar,
387 1903 506 1943 cuius
538 1904 648 1944 inter
681 1918 809 1957 opaca
841 1906 1001 1945 secreta
1031 1903 1147 1943 floris
1180 1901 1357 1957 genialis
1382 1916 1442 1942 re-

103 1962 198 2016 gius
230 1962 344 2002 nitor
374 1961 600 2003 relucebat.
663 1966 761 2003 tunc
794 1963 992 2004 inuocato
1023 1961 1160 2002 hilaro
1193 1964 1319 2015 atque
1350 1975 1442 2014 pro-

197 2106 212 2134 1
242 2113 558 2135 METAMORPIOSEON
578 2115 607 2136 L.
628 2114 678 2136 111.
707 2115 840 2136 EXPLIC.
862 2114 965 2136 INCIP.
986 2114 1054 2136 LIB.
1075 2113 1139 2134 1111.
1162 2112 1232 2134 EGO
1254 2112 1440 2133 SALVSTIVS

102 2160 185 2181 Lem
216 2161 258 2180 ET
290 2159 468 2182 Euri-Nom]
499 2161 616 2183 Romu:
649 2162 761 2183 Fssmx.
790 2149 852 2193 Fq)
891 2150 1012 2183 eadem
1048 2149 1108 2182 sed
1144 2148 1288 2182 inuerso
1320 2148 1445 2182 ordine

102 2197 142 2229 ‘in
156 2195 188 2229 V
260 2199 281 2228 4
307 2195 444 2239 primos
464 2196 490 2229 F
511 2197 603 2240 (mos
625 2208 718 2230 nouo
737 2201 937 2231 atramento
956 2196 1156 2240 repetitum)
1231 2198 1251 2228 6
1277 2204 1339 2228 eos
1360 2194 1443 2238 F²cp

104 2247 183 2283 0021
209 2242 254 2275 1³¹
327 2245 347 2275 8
373 2253 446 2286 quo
472 2243 512 2277 E.
540 2243 590 2286 qd
615 2243 642 2276 F
675 2243 775 2286 quod
801 2257 828 2287 φ
862 2255 887 2287 q
912 2245 967 2288 dg
1041 2246 1081 2276 11
1110 2242 1293 2276 adducere
1318 2242 1448 2286 scripsi

106 2289 265 2323 attinere
285 2290 363 2324 edd.
386 2289 637 2336 (abundans)
658 2291 797 2325 inserui
871 2295 913 2324 12
939 2290 1065 2335 fenum
1090 2289 1117 2322 F
1191 2292 1233 2322 17
1261 2288 1392 2323 ortulis
1419 2288 1446 2322 F

107 2342 149 2370 19
176 2336 346 2370 frutectis
372 2337 526 2372 Iuntina
556 2339 708 2385 (intectus
735 2339 812 2372 edd.
