1591 2556
602 84 702 119 CAP.
729 83 915 117 IIII—VH
1348 83 1430 123 167

84 184 211 235 atque
237 180 423 236 plagoso,
450 182 577 222 cruda
602 180 779 221 uulnera
805 180 1049 234 contegenti
1080 194 1288 233 suumque
1316 180 1431 220 auxi-

83 240 188 280 lium
231 239 444 280 miseriter
486 239 655 294 roganti
698 253 773 292 per
815 238 953 279 femus
998 238 1218 279 dexterum
1269 239 1431 279 dimisit

82 299 289 352 lanceam,
328 301 447 339 tanto
488 298 557 339 ille
597 298 767 353 quidem
804 297 1005 338 fidentius
1044 300 1203 351 quanto
1243 298 1431 339 crederet

82 358 184 399 ferri
216 357 394 398 uulnera
420 357 576 398 similia
606 358 752 399 futura
777 359 975 411 prosectu
1003 356 1204 397 dentium.
1243 371 1319 398 nec
1345 372 1431 398 non

9 411 12 427 ¹
50 432 66 457 5
86 416 225 458 tamen
264 417 400 470 ipsam
433 431 601 471 quoque
633 416 814 457 bestiam
851 416 966 456 facili
998 430 1126 456 manu
1163 416 1429 470 transadigit.

9 481 11 488 ’
87 474 157 517 VI.
191 476 243 516 ad
274 476 387 517 hunc
412 476 585 516 modum
613 475 786 517 definito
814 475 965 516 iuuene
992 475 1121 516 exciti
1146 474 1326 515 latibulo
1355 489 1430 515 suo

86 535 263 589 quisque
295 535 457 575 familia
482 538 644 576 maesta
670 534 971 576 concurrimus.
1015 537 1058 574 at
1090 534 1160 574 ille
1188 548 1431 588 quanquam

84 594 269 647 pei-fecto
314 597 434 647 uoto7
472 597 687 648 prostrato
726 593 898 634 inimico
937 593 1074 634 laetus
1113 596 1275 648 ageret,
1307 593 1430 633 uultu

84 656 224 694 tamen
257 653 460 708 gaudium
492 654 601 708 tegit
630 656 672 694 et
702 652 886 694 :frontem
921 652 1142 693 adseuerat
1174 655 1215 693 et
1242 652 1431 693 dolorem

32 728 66 752 ιο
85 712 257 753 simulat
296 715 337 753 et
375 713 570 766 cadauer,
603 712 716 766 quod
754 712 844 765 ipse
881 711 1056 765 fecerat,
1095 711 1216 752 auide
1257 711 1431 752 circum-

83 771 233 825 plexus
254 771 396 812 omnia
416 771 586 825 quidem
612 771 852 826 lugentium
875 771 1014 811 officia
1041 771 1237 811 sollerter
1263 770 1432 811 affinxit

84 830 157 871 sed
189 830 302 871 solae
333 830 530 872 lacrimae
562 830 788 885 procedere
820 829 1059 871 noluerunt.
1117 830 1176 871 sic
1210 828 1263 870 ad
1294 830 1431 870 nostri

82 889 420 943 similitudinem,
471 890 544 944 qui
594 904 692 931 uere
736 889 1091 943 lamentabamur,
1142 889 1432 930 conformatus

83 963 233 990 manus
266 963 365 989 suae
399 948 566 1002 culpam
598 949 759 990 bestiae
792 949 929 989 dabat.

30 1022 64 1047 15
171 1007 363 1049 Necdum
402 1008 505 1048 satis
538 1008 693 1049 scelere
732 1010 947 1049 transacto
979 1006 1110 1048 Fama
1148 1007 1352 1048 dilabitur
1391 1011 1432 1049 et

84 1081 230 1107 cursus
259 1067 420 1120 primos
448 1067 499 1108 ad
526 1067 698 1108 domum
726 1067 961 1121 Tlepolemi
988 1067 1212 1120 detorquet
1239 1070 1281 1107 et
1308 1081 1430 1108 aures

83 1125 264 1166 infelicis
296 1128 453 1179 nuptae
485 1126 680 1180 percutit.
739 1141 845 1180 quae
879 1126 1050 1180 quidem
1082 1125 1210 1166 simul
1241 1126 1431 1180 percepit

83 1184 166 1225 tale
192 1185 389 1225 nuntium
417 1185 539 1239 quale
566 1199 650 1226 non
678 1185 820 1226 audiet
847 1185 972 1238 aliud,
999 1200 1142 1226 amens
1164 1187 1206 1226 et
1232 1185 1431 1226 uecordia

7 1293 9 1302 Α
83 1243 244 1297 percita
281 1258 490 1298 cursuque
528 1244 733 1285 bacchata
769 1244 998 1285 furibundo
1036 1259 1111 1298 per
1158 1243 1320 1297 plateas
1360 1259 1430 1298 po-

29 1317 64 1342 20
83 1302 254 1356 pulosas
293 1306 335 1344 et
378 1318 479 1344 arua
522 1304 726 1344 rurestria
762 1303 914 1357 fertur,
946 1303 1095 1344 insana
1137 1317 1241 1344 uoce
1286 1318 1430 1344 casum

82 1361 225 1402 mariti
265 1362 484 1415 quiritans.
543 1363 763 1403 confluunt
801 1362 960 1403 ciuium
1000 1364 1185 1403 maestae
1224 1365 1431 1416 cateruae,

83 1423 283 1461 secuntur
315 1421 430 1461 obuii
464 1421 608 1462 dolore
641 1422 819 1475 sociato,
851 1421 1003 1462 ciuitas
1042 1424 1193 1462 cuncta
1225 1425 1432 1463 uacuatur

83 1479 223 1520 studio
250 1479 440 1520 uisionis.
480 1483 522 1522 et
548 1495 642 1522 ecce
668 1481 813 1521 mariti
839 1480 1018 1521 cadauer
1044 1481 1227 1521 accurrit
1252 1480 1432 1522 labanti-

83 1553 162 1592 que
190 1538 343 1592 spiritu
369 1542 504 1580 totam
526 1554 569 1581 se
596 1554 723 1594 super
749 1554 902 1594 corpus
923 1540 1073 1581 effudit
1099 1554 1146 1580 ac
1172 1540 1430 1594 paenissime

29 1612 64 1637 25
84 1597 241 1638 ibidem
274 1612 400 1652 quam
427 1598 658 1640 deuouerat
683 1600 721 1640 ei
753 1599 937 1640 reddidit
969 1599 1164 1640 animam.
1208 1599 1281 1640 sed
1308 1613 1432 1654 aegre

82 1656 279 1698 manibus
311 1660 455 1711 erepta
493 1673 586 1698 suo·
620 1658 678 1712 [p.
699 1657 877 1712 138.E.]
911 1673 1005 1698 rum
1050 1658 1187 1699 inuita
1227 1659 1432 1700 remansit

82 1715 122 1756 in
157 1715 259 1769 uita,
290 1715 418 1757 funus
450 1731 551 1758 uero
584 1720 674 1758 toto
707 1717 882 1758 feralem
914 1732 1114 1771 pompam
1146 1721 1431 1772 prosequente

82 1774 240 1828 populo
274 1775 495 1816 deducitur
528 1776 579 1816 ad
612 1776 885 1830 sepulturam.

171 1832 265 1874 VII.
306 1832 389 1875 Sed
414 1834 666 1889 Thrasyllus
698 1836 878 1876 nimium
910 1836 1067 1876 nimius
1100 1835 1281 1876 clamare
1314 1835 1431 1890 plan-

178 1977 195 2007 1
229 1973 403 2018 plagoso,
436 1975 550 2009 cruda
587 1974 743 2010 uulnera
783 1975 887 2010 Com.
935 1975 1093 2020 plagosa
1132 1987 1239 2010 crura
1276 1975 1431 2010 uulnera

83 2020 162 2054 edd.
194 2020 352 2065 plagosa
379 2033 485 2056 crura
513 2022 700 2068 [uulnera]
726 2022 755 2056 E
786 2022 944 2067 plagosa
971 2025 1009 2057 et
1034 2023 1149 2057 cruda
1175 2023 1332 2058 uulnera
1358 2023 1430 2057 Lu.

84 2070 103 2099 2
136 2066 253 2102 femus
286 2069 330 2112 cf.
361 2072 439 2104 154.
457 2074 511 2114 17,
527 2073 571 2103 30
670 2073 737 2104 2.3
770 2070 925 2104 dimissa
958 2069 1090 2105 lancea
1117 2079 1146 2109 φ
1247 2075 1289 2105 10
1317 2070 1430 2104 simu-

81 2123 188 2159 labat
213 2134 243 2168 φ
366 2131 408 2161 13
436 2127 723 2163 similitudinem
748 2130 771 2163 ὃ
797 2130 884 2164 Par.
911 2130 956 2173 cf.
986 2134 1063 2164 154.
1080 2134 1122 2163 31
1153 2158 1256 2164 .....
1274 2126 1375 2162 dineQ
1404 2129 1431 2162 F

80 2172 121 2206 in
148 2185 175 2215 φ
203 2173 372 2208 sollerter
397 2180 430 2210 et
455 2175 504 2209 ad
529 2178 696 2210 nostram
716 2176 1006 2211 amaritudinem
1025 2176 1089 2220 qui
1116 2188 1202 2211 uere
1228 2178 1269 2211 ‘z'oz
1295 2178 1429 2211 Iacmm

79 2220 196 2263 suppl.
223 2222 343 2256 eadem
369 2234 433 2265 m,
460 2224 521 2258 cuz·
555 2224 727 2258 debentur
751 2225 999 2268 supplementa
1020 2236 1058 2268 p.
1082 2227 1220 2258 140.13
1248 2224 1335 2267 (hamt.
1362 2225 1430 2265 ed.)

83 2269 125 2299 18
157 2266 233 2301 tale
259 2269 321 2310 φδ
345 2270 390 2312 cf.
415 2274 552 2304 117.15
676 2274 718 2304 22
752 2270 829 2305 obii
856 2280 885 2314 φ
1008 2275 1062 2306 23,
1080 2274 1125 2304 24
1156 2270 1374 2313 labentique
1403 2284 1429 2314 φ

82 2316 126 2346 25
152 2313 276 2349 reddit
301 2317 363 2358 φδ
389 2317 476 2352 Par.
