1539 2556
86 89 223 123 XXIIII
610 87 894 122 PRAEFATIO.

175 189 252 226 Per
287 188 569 226 breuissimum
605 190 780 238 tempus,
819 188 925 238 quod
962 188 1060 225 mihi
1101 188 1250 226 Romae
1288 187 1432 237 degere

87 248 212 297 licuit,
239 247 391 285 contuli
415 248 440 286 l.
461 247 480 284 Ι
506 249 546 285 et
576 247 764 285 maiorem
796 249 950 296 partem
982 247 1005 284 l.
1026 247 1067 284 II
1097 247 1138 284 in
1165 246 1296 284 codice
1324 247 1429 284 Vati-

90 318 184 345 cano
218 308 342 345 3384.
386 306 461 344 Est
493 308 631 344 autem
663 318 690 343 5.
717 306 811 344 XIV
844 308 885 344 et
914 305 1035 343 habet
1065 306 1163 344 folia
1191 307 1285 343 127.
1331 304 1430 343 Con-

88 366 206 403 tinet:
239 366 285 403 de
313 367 456 413 maffia,
489 366 534 403 de
565 367 675 402 asino
701 376 829 408 aureo,
861 365 1088 411 floridorum
1120 366 1141 402 l.
1168 364 1236 414 IV,
1271 365 1316 402 de
1341 359 1440 412 doy->

89 427 189 462 mate
207 425 395 468 Platonis,
422 425 467 461 de
486 424 628 461 mundo
650 427 683 461 et
702 425 783 461 eius
807 424 1030 461 habitudine
1049 434 1073 472 Q
1094 426 1127 460 et
1145 423 1433 471 cosmographia

87 481 147 533 (ΤΥ.
179 495 330 533 Eadem
360 507 481 532 manu
513 495 662 543 scripta
693 496 802 532 sunt:
835 495 880 532 de
910 494 1063 543 Magia,
1094 494 1433 541 Bletamorphoses,

88 555 276 592 Florida:
308 554 434 591 altera
466 553 625 602 scripsit
654 553 829 602 reliquos
860 555 1070 590 tractatus.
1121 552 1256 590 Tertia
1291 564 1432 590 manus

91 613 262 651 inseruit
285 612 554 662 praefationes
574 612 720 649 litteris
740 611 1036 649 minutioribus.
1068 611 1114 648 In
1140 611 1287 661 pagina
1305 611 1436 649 altera

632 670 658 691 to
689 676 703 691 υ

661 674 686 692 CC

90 708 284 756 seriptum
323 709 398 744 est:
442 704 606 754 Apuleio
651 707 692 744 (li
734 717 849 743 memo
887 706 927 743 di
963 705 1163 743 Bemtento
1208 706 1260 743 da
1294 705 1434 743 Imola.
1488 722 1491 725 ·

89 767 168 804 Iul.
196 760 382 818 1553(‘?).
427 765 486 802 De
518 765 591 802 hoc
622 765 724 802 libro
757 764 895 802 scribit
926 764 968 801 P.
1002 764 1049 802 de
1080 764 1245 802 Nolhao.
1288 763 1346 801 La
1376 764 1435 801 bi-

90 821 321 874 bliotheque
354 825 401 861 de
434 824 575 862 Fulvio
610 823 742 862 Orsini
773 837 809 872 p.
840 825 921 861 192
964 823 1024 873 „le
1057 819 1207 860 celebre
1238 835 1435 861 commen-

91 886 226 922 tateur
251 884 298 920 de
324 883 456 921 Dante
489 878 510 919 a
543 883 740 933 Bologne,
772 883 979 920 Bevenuto
1012 882 1221 920 Rambaldi
1258 882 1436 932 d’Imola,

90 946 197 981 mort
229 955 277 980 en
311 944 435 991 1391,
469 942 612 990 aurait,
644 942 806 980 suivant
838 940 986 991 Orsini,
1020 937 1164 978 annote
1196 954 1249 978 un
1281 936 1434 990 Apulee

93 1002 266 1051 complet
297 1002 351 1038 du
382 1001 476 1038 XIV
509 997 642 1051 siecle,
674 1001 710 1039 le
744 1001 857 1039 3384
890 997 968 1050 <M.
988 1000 1019 1037 L
1043 997 1165 1050 1Ο2>.
1221 998 1345 1038 Outre
1377 1000 1437 1037 les

91 1073 265 1111 mai-ges,
309 1060 379 1109 qui
410 1060 665 1098 contiennent
696 1060 762 1097 des
795 1060 962 1097 scholies
1002 1061 1042 1096 et
1080 1060 1146 1096 des
1189 1060 1338 1109 leeons,
1378 1059 1436 1096 les

93 1121 235 1170 gardes
280 1122 349 1157 ont
392 1119 459 1157 (165
496 1121 610 1157 notes
657 1119 703 1156 de
742 1119 844 1156 deux
892 1118 1019 1155 mains
1063 1117 1285 1167 distinctes3
1328 1118 1436 1155 l'une

95 1179 209 1217 d'elle
251 1178 373 1216 serait
413 1178 510 1215 celle
552 1178 598 1215 (16
636 1177 888 1227 Benvenuto,
927 1172 1079 1225 d'apres
1114 1189 1191 1214 une
1231 1170 1436 1227 tradition,

97 1232 193 1287 qu’il
224 1250 272 1274 ne
304 1237 382 1274 m⁷a
412 1249 485 1286 pas
517 1232 577 1274 ete
607 1236 780 1285 possible
812 1236 859 1273 (16
891 1232 1124 1273 controler.“

181 1309 228 1345 In
260 1307 509 1345 Bibliotheca
533 1307 730 1344 Vaticana
761 1307 913 1356 inspexi
946 1306 1065 1344 etiam
1098 1307 1167 1344 hos
1200 1305 1370 1344 codices:

184 1367 278 1406 Cod.
302 1367 428 1405 Vatie.
455 1366 590 1404 Urbin.
616 1368 714 1415 199,
744 1366 1086 1414 membranaceus,
1117 1365 1220 1402 liber
1247 1364 1436 1402 nitidissi-

92 1439 193 1464 mus.
226 1425 430 1463 Continet:
451 1426 496 1463 de
511 1427 619 1463 asino
635 1436 763 1468 aureo,
783 1425 936 1470 florida,
952 1425 998 1461 de
1012 1425 1151 1461 mundo
1167 1424 1218 1461 ad
1231 1423 1436 1466 Faustum,

94 1487 140 1523 de
171 1486 343 1532 dogmate
367 1484 554 1532 Platonis,
586 1485 632 1521 de
662 1484 729 1521 deo
754 1484 933 1532 Socratis,
964 1483 1128 1520 Hermes
1155 1482 1437 1530 Trismeyistus,

93 1543 296 1592 Apoloyia.
337 1543 607 1580 Pulcherrime
632 1543 811 1592 picturis,
838 1543 969 1591 armis,
995 1541 1159 1580 floribus
1180 1544 1240 1579 est
1260 1543 1436 1580 ornatus,

96 1603 264 1641 Scutum
300 1615 518 1652 armorum,
557 1614 634 1651 quo
678 1601 892 1651 insignitus
933 1603 1009 1650 est,
1049 1600 1336 1650 quadrifariam
1377 1602 1439 1638 est

95 1662 287 1710 diuisum,
319 1661 397 1699 duo
430 1660 559 1710 campi
592 1661 806 1698 ostendunt
843 1660 1020 1709 aquilam
1052 1660 1092 1696 in
1130 1659 1269 1697 tabula
1306 1671 1440 1709 aurea,

96 1721 214 1759 alteri
246 1720 343 1757 duas
380 1720 514 1758 trabes
548 1720 749 1757 caeruleas
781 1719 820 1756 in
858 1718 998 1756 tabula
1028 1718 1125 1755 item
1157 1730 1297 1755 aurea:
1334 1718 1440 1755 inter

95 1780 229 1819 trabes
254 1779 448 1828 paruulae
475 1779 633 1828 aquilae
661 1782 753 1816 sunt
780 1778 970 1826 depictae.
1011 1776 1198 1814 Continet
1224 1778 1306 1814 212
1339 1776 1439 1814 folia

97 1839 331 1887 conscripta.
374 1838 418 1875 In
446 1838 552 1875 ealce
578 1837 772 1875 librorum
803 1837 903 1874 nihil
934 1836 1084 1886 legitur
1114 1836 1206 1873 nisi:
1238 1836 1373 1883 incipit
1397 1837 1438 1873 et

99 1899 258 1946 explicit.
301 1897 456 1935 Nomen
489 1896 670 1934 Sallustii
702 1908 899 1945 nusquam
929 1897 1184 1932 memoratur.

187 1956 278 1994 Cod.
311 1956 440 1994 vatic.
474 1955 608 1994 Ottob.
642 1957 753 1993 2047
793 1954 1134 2003 membranaceus,
1165 1954 1206 1990 in
1238 1952 1333 1991 folio
1366 1952 1438 1990 mi-

97 2028 202 2054 nore.
237 2014 438 2052 Continet:
468 2014 698 2062 Quintiliani
717 2014 1038 2051 Declamationes.
1070 2011 1213 2060 Apulei
1238 2013 1284 2049 de
1308 2013 1441 2059 maffia

98 2086 218 2122 usque
242 2075 295 2111 od
327 2074 350 2111 l.
373 2074 429 2110 H
450 2077 535 2110 orat
559 2074 693 2110 saltem
710 2074 917 2120 paulisper
940 2082 1153 2109 manerem:
1182 2071 1276 2108 vello
1300 2082 1340 2108 se
1363 2081 1438 2107 me-

100 2145 185 2171 cum
215 2134 412 2180 proficisci
447 2133 606 2170 hiemem
643 2133 805 2169 alteram
830 2142 895 2179 gig)
933 2132 1048 2179 syrtis
1086 2132 1186 2167 estus
1221 2132 1254 2166 et
1290 2129 1440 2167 bestias.

99 2193 196 2230 haee
220 2191 422 2241 pertinent
447 2203 574 2240 usque
601 2191 650 2227 ad
677 2191 743 2227 fol.
767 2191 821 2227 54
835 2192 901 2228 vm.
937 2188 1083 2238 Incipit
1108 2188 1174 2225 fol.
1197 2189 1249 2226 55
1271 2183 1309 2224 r⁰
1339 2187 1443 2224 liber

101 2253 268 2301 quartus
301 2263 331 2288 e.
358 2250 413 2287 XI
444 2250 699 2296 Metammph.
731 2261 858 2298 usque
892 2249 941 2286 ad
972 2247 1089 2285 finem
1121 2247 1145 2284 l.
1162 2246 1229 2284 XI.
1261 2246 1440 2284 Florida.

108 2311 286 2349 Valerius
315 2309 530 2347 Maximus.
586 2308 813 2346 Macrobius
850 2309 892 2345 in
922 2306 1196 2345 Saturnalibus
1235 2317 1352 2353 usque
1389 2306 1442 2343 ad
