1591 2556
171 92 261 133 224
751 92 881 126 LIBRI
905 92 938 126 X
1546 0 1584 166 ξ

169 204 249 243 que
282 188 473 230 debitum
505 188 659 229 sistens
692 188 956 243 obsequium.
1012 189 1085 230 sed
1116 188 1190 229 illa
1222 189 1440 230 cruciabili
1465 190 1517 231 si·

168 248 299 289 lentio
332 247 570 289 diutissime
602 247 782 302 fatigata
814 250 856 289 et
887 250 935 288 ut
967 247 1010 288 in
1043 248 1227 302 quodam
1258 248 1367 289 uado
1400 247 1516 290 dubi-
1559 245 1591 316 J

168 306 344 347 tationis
375 306 553 348 haerens
587 321 709 347 omne
742 306 920 347 uerbum
954 307 1066 360 quod
1093 306 1306 360 praesenti
1332 307 1516 349 sermoni
1570 309 1578 363 ι’

167 368 338 420 putarat
370 365 638 419 aptissimum
676 380 845 406 rursum
878 365 1142 419 improbans,
1173 368 1350 407 nutante
1388 366 1516 407 etiam

166 439 278 466 nunc
314 424 493 478 pudore,
531 424 640 465 unde
678 425 948 478 potissimum
989 427 1155 478 caperet
1193 425 1412 466 exordium
1451 425 1516 467 de·
1551 435 1569 469 ε’

167 486 400 525 cunctatur.
462 486 506 524 at
537 483 702 524 iuuenis
740 483 848 524 nihil
880 483 1007 524 etiam
1040 486 1142 524 tunc
1177 484 1349 538 sequius
1381 484 1515 538 suspi-

169 545 287 584 catus
328 542 556 583 summisso
598 542 720 583 uultu
766 545 889 597 rogat
932 542 1045 583 ultro
1089 543 1324 596 praesentis
1369 557 1515 584 causas
1569 554 1576 562 ’

168 601 457 667 aegritudinis.
525 604 628 642 tunc
668 601 742 642 illa
784 604 937 642 nancta
980 601 1224 642 solitudinis
1269 602 1514 643 damnosam
1567 606 1570 611 '

167 660 431 702 occasionem
462 660 703 714 prorumpit
734 660 778 701 in
813 660 1030 701 audaciam
1063 663 1104 701 et
1130 661 1314 702 ubertim
1342 660 1515 702 adlacri-
1564 707 1570 717 ¹

168 734 288 760 mans
313 719 550 773 laciniaque
578 722 806 775 contegens
833 720 983 760 faciem
1009 734 1112 760 uoce
1140 719 1306 773 tiepida
1331 720 1392 761 sic
1417 734 1514 761 eum
1532 730 1567 764 ια’·

169 778 357 820 breuiter
389 778 556 819 adfatui

257 836 410 878 ‘Causa
441 837 578 878 omnis
611 840 653 878 et
685 838 805 892 origo
837 838 1072 891 praesentis
1103 837 1260 878 doloris
1292 839 1363 879 sed
1386 838 1513 879 etiam
1560 840 1591 894 ‘J

166 896 329 937 medela
373 897 464 950 ipsa
504 899 546 937 et
587 896 700 937 salus
742 897 867 937 unica
907 896 1012 937 mihi
1050 899 1140 937 tute
1182 896 1272 950 ipse
1316 911 1371 938 es.
1440 897 1513 938 isti

166 956 279 996 enim
310 955 373 995 tui
404 955 515 996 oculi
540 970 615 1009 per
641 970 758 996 meos
785 955 929 996 oculos
956 956 1008 996 ad
1033 955 1183 996 intima
1210 955 1371 1010 delapsi
1396 971 1513 1010 prae-

168 1014 310 1055 cordia
334 1014 440 1055 meis
460 1014 657 1055 medullis
684 1014 935 1055 acerrimum
962 1017 1232 1055 commouent
1257 1015 1510 1056 incendium.
1532 1023 1582 1073 ²⁵3¹:

167 1087 267 1128 ergo
300 1073 499 1113 miser-me
531 1075 605 1113 tua
636 1088 762 1113 causa
786 1073 1002 1127 pereuntis
1031 1088 1107 1114 nec
1132 1076 1174 1114 te
1201 1073 1351 1128 religio
1377 1074 1511 1128 patris
1560 1083 1575 1130 'sl

167 1132 340 1173 omnino
373 1131 593 1186 deterreat,
625 1132 693 1172 cui
718 1132 970 1173 molituram
996 1147 1169 1186 prorsus
1196 1132 1385 1173 seruabis
1411 1147 1511 1174 uxo-
1561 1134 1575 1181 γ’

166 1206 266 1232 rem.
329 1190 443 1232 illius
476 1191 588 1232 enim
627 1205 932 1246 recognoscens
965 1191 1193 1246 imaginem
1226 1191 1269 1232 in
1301 1194 1375 1232 tua
1405 1191 1511 1233 facie
1564 1188 1581 1210 *⁴

166 1250 318 1291 merito
358 1252 398 1291 te
438 1250 581 1305 diligo.
643 1249 774 1291 habes
816 1225 1077 1291 solitudinis3
1096 1249 1264 1304 plenam
1302 1250 1512 1305 fiduciam,

164 1309 296 1350 habes
344 1324 475 1363 capax
525 1310 750 1350 necessarii
794 1309 994 1350 facinoris
1040 1309 1184 1350 otium.
1255 1324 1353 1350 nam
1397 1310 1544 1364 quod2

165 1383 288 1409 nemo
320 1368 453 1422 nouit,
484 1383 616 1422 paene
648 1383 732 1409 non
764 1369 840 1409 fit?

253 1425 351 1468 IIII.
386 1426 625 1481 Repentino
657 1427 769 1468 malo
802 1427 1073 1481 perturbatus
1106 1427 1349 1468 adulescens
1382 1442 1509 1481 quan·
1551 1447 1554 1451 ·

167 1501 292 1540 quam
331 1486 415 1527 tale
458 1486 621 1527 facinus
664 1487 859 1540 protinus
903 1486 1209 1540 exhorruisset,
1252 1501 1336 1528 non
1368 1489 1510 1527 tamen

166 1545 403 1599 negationis
446 1545 747 1599 intempestiua
785 1546 842 1599 [p.
861 1545 1037 1599 184.E.]
1077 1545 1303 1586 seueritate
1341 1545 1510 1599 putauit

166 1604 499 1658 exasperandum
532 1604 606 1645 sed
631 1607 777 1645 cautae
806 1604 1101 1658 promissionis
1128 1604 1329 1645 dilatione
1354 1604 1509 1646 lenien-
1529 1622 1544 1646 2

167 1663 278 1704 dum.
341 1677 441 1718 ergo
479 1663 642 1717 prolixe
681 1663 906 1717 pollicetur
944 1666 986 1704 et
1022 1663 1181 1704 bonum
1220 1665 1387 1718 caperet
1424 1664 1509 1704 ani-

165 1737 282 1763 mum
314 1722 618 1776 refectionique
652 1737 695 1763 se
727 1737 774 1763 ac
807 1722 934 1763 saluti
960 1722 1152 1763 redderet
1178 1722 1392 1776 impendio
1418 1737 1508 1763 sua-

166 1781 248 1835 det,
286 1781 417 1822 donec
448 1781 581 1835 patris
614 1781 756 1836 aliqua
793 1781 1052 1836 profectione
1083 1781 1265 1822 liberum
1297 1781 1509 1835 uoluptati

166 1839 465 1881 concederetur
496 1840 681 1894 spatium
714 1841 944 1895 statimque
976 1856 1020 1881 se
1052 1840 1180 1881 refert
1213 1855 1236 1880 a
1260 1840 1387 1881 noxio
1414 1854 1507 1880 con-

165 1902 311 1952 spectu
343 1914 558 1940 nouercae.
610 1903 652 1940 et
683 1900 770 1941 iam
802 1913 999 1954 magnam
1030 1899 1179 1940 domus
1205 1899 1364 1940 cladem
1391 1901 1508 1939 ratus

162 2049 306 2093 fratris,
332 2050 371 2084 E.
405 2062 486 2084 cum
510 2051 588 2085 edd.
615 2051 660 2093 cf.
690 2054 767 2084 189.
789 2054 850 2094 203
880 2054 956 2085 196.
980 2055 1021 2084 11
1143 2054 1164 2084 4
1195 2051 1347 2094 putarat
1377 2050 1506 2094 scripsi
1554 2025 1574 2077 3⁵*

163 2132 324 2177 putabat
359 2133 438 2167 cdd.
573 2136 614 2165 12
655 2133 720 2167 sed
758 2134 887 2177 scripsi
929 2134 967 2167 et
1003 2134 1080 2168 cdd.
1210 2135 1252 2165 14
1293 2097 1441 2175 ⁴iiiiitima
1479 2145 1506 2175 φ

164 2183 206 2213 21
251 2189 346 2226 pene
389 2178 437 2212 F²
499 2190 592 2223 pene
638 2193 665 2223 φ
730 2180 880 2224 penitus
923 2180 1003 2214 F¹3
1049 2181 1094 2223 cf.
1140 2179 1224 2213 Zen.
1270 2179 1347 2213 Ver.
1391 2178 1506 2213 1125

162 2230 208 2260 22
253 2225 467 2261 adolescens
511 2226 539 2260 F
683 2231 727 2261 26
771 2226 914 2271 prolixe
958 2226 1100 2271 prolixe
1143 2239 1170 2270 φ
1314 2225 1506 2270 pollicere·
1550 2259 1552 2265 ,

160 2276 239 2355 {igni
260 2273 358 2356 {rw
408 2277 453 2307 30
491 2275 528 2308 et
562 2273 637 2307 iam
674 2275 806 2317 scripsi
837 2273 951 2308 etiam
989 2288 1016 2318 φ
1060 2275 1098 2307 et
1128 2273 1156 2306 F
1181 2274 1256 2318 (sed
1285 2273 1326 2307 in
1357 2273 1425 2317 lit.)
1469 2275 1506 2307 et
