1591 2556
170 107 225 148 62
738 106 867 140 LIBRI
896 106 946 140 ΠΙ

167 207 210 245 61
253 204 404 244 11180110
448 203 631 257 uestigio
681 217 747 243 me
791 202 984 257 perducit
1027 202 1119 256 ipsa
1162 216 1320 256 perque
1357 201 1508 242 rimam

167 263 374 304 ostiorum
395 262 636 316 quampiam
663 262 782 303 iubet
807 261 1004 302 arbitrari
1031 275 1137 315 quae
1166 260 1227 302 816
1253 262 1374 315 gesta
1398 263 1507 302 sunt.

166 322 251 363 iam
282 322 467 376 primum
499 321 696 362 omnibus
726 320 892 361 laciniis
924 335 968 361 se
1000 320 1182 361 deuestit
1213 318 1435 374 Pamphile
1466 322 1509 361 et

167 381 310 422 arcula
341 381 520 446 quadam
560 379 723 421 reclusa
762 379 938 433 pyxides
976 378 1190 432 plusculas
1229 378 1326 420 inde
1363 378 1508 432 depro-

166 441 262 495 mit,
306 440 355 481 de
400 440 495 493 quis
538 439 664 479 unius
709 438 906 492 operculo
950 440 1112 479 remoto
1151 441 1277 492 atque
1321 436 1542 480 indidem5

165 502 311 565 egesta
353 498 590 553 unguedine
633 497 789 551 diuque
830 496 1029 550 palmulis
1073 497 1161 538 suis
1206 496 1411 537 adfricata
1454 496 1506 537 ab

164 558 262 599 imis
299 558 515 612 unguibus
559 571 649 597 sese
694 559 829 597 totam
874 555 1061 610 adusque
1105 570 1292 597 summos
1331 555 1507 609 capillos

164 617 338 671 perlinit
360 592 654 669 1:multumque
704 629 800 657 cum
847 615 1020 656 lucerna
1069 617 1229 656 secreto
1286 614 1508 656 conlocuta

164 676 355 717 membra
378 675 561 716 tremulo
588 689 789 716 succussu
816 673 965 728 quatit.
1011 674 1106 728 quis
1131 673 1283 715 leniter
1302 674 1506 715 fiuctuan—

164 735 280 776 tibus
320 734 558 789 promicant
594 733 744 775 molles
781 732 1018 787 plumulae,
1062 735 1256 774 6168611111
1296 736 1339 774 61
1374 732 1506 774 fortes
1526 750 1560 774 1ο

162 793 380 848 pinnulae,
425 794 600 834 duratur
648 807 776 834 nasus
825 793 1045 845 innuimus,
1086 794 1297 846 coguntur
1343 805 1506 846 ungues

164 853 335 907 adunci,
369 854 421 894 fit
450 853 564 894 bubo
596 852 828 906 Pamphile.
880 852 940 892 sic
972 849 1085 892 edito
1118 850 1297 892 stridore
1330 850 1506 904 querulo

164 913 247 953 iam
280 913 346 953 sui
376 911 714 966 periclitabunda
739 911 943 965 paulatim
970 913 1083 951 terra
1109 909 1299 963 resultat,
1330 924 1430 951 mox
1462 909 1506 950 in

163 972 292 1012 altum
329 971 558 1012 sublimata
588 971 822 1012 forinsecus
854 970 956 1011 totis
989 969 1067 1010 alis
1101 968 1252 1010 euolat.

251 1029 387 1071 XXII.
435 1030 495 1071 Et
526 1029 599 1071 illa
631 1030 800 1084 quidem
832 1028 1009 1083 magicis
1041 1028 1129 1069 suis
1162 1028 1324 1069 artibus
1356 1026 1505 1068 uolens
1525 1044 1558 1069 15

162 1090 430 1143 reformatur,
462 1092 505 1130 at
537 1103 615 1143 ego
642 1089 759 1129 nullo
786 1089 1032 1129 decantatus
1059 1087 1243 1128 carmine
1269 1086 1504 1140 praesentis

162 1152 328 1190 tantum
360 1149 462 1189 facti
494 1151 667 1202 stupore
700 1148 862 1189 defixus
895 1147 1063 1201 quiduis
1091 1146 1205 1187 aliud
1229 1145 1365 1212 magis
1391 1145 1504 1186 uide—

161 1208 238 1248 bar
270 1223 360 1249 esse
394 1222 520 1261 quam
545 1207 713 1248 Lucius.
759 1207 819 1247 816
846 1206 1151 1247 exterminatus
1179 1204 1320 1258 animi,
1352 1204 1504 1245 attoni-

161 1270 231 1308 tus
264 1267 306 1307 in
334 1266 561 1308 amentiam
588 1266 770 1332 uigilans
797 1264 1054 1319 somniabar,
1088 1263 1275 1305 defrictis
1301 1263 1404 1304 adeo
1432 1263 1502 1304 diu

161 1326 334 1380 pupulis
360 1341 413 1366 an
439 1325 661 1380 uigilarem
688 1325 794 1366 scire
820 1298 1084 1378 quaerebam.
1127 1323 1297 1364 tandem
1324 1315 1512 1376 denique
1523 1339 1557 1364 20

161 1400 357 1426 reuersus
390 1385 442 1425 ad
474 1400 644 1426 sensum
677 1384 962 1438 praesentium
994 1384 1167 1436 adrepta
1191 1396 1319 1422 manu
1338 1380 1503 1422 Fotidis

161 1447 204 1485 et
236 1445 406 1485 admota
436 1444 541 1484 meis
573 1444 806 1484 luminibus
834 1443 1004 1496 patere,
1036 1456 1108 1482 oro
1136 1441 1192 1482 te’
1219 1441 1391 1495 inquam
1418 1440 1505 1493 per

160 1505 263 1544 istas
289 1508 380 1545 tuas
407 1503 463 1557 [p.
485 1502 641 1556 5213]
661 1502 858 1555 pupillas,
884 1515 975 1542 mea
998 1500 1219 1553 mellitula,
1245 1500 1345 1540 dum
1372 1499 1504 1540 dictat

161 1563 337 1617 occasio,
368 1576 522 1616 magno
556 1565 597 1602 et
630 1561 838 1615 singulari
868 1575 934 1601 me
962 1559 1210 1600 adfectionis
1237 1561 1334 1600 tuae
1360 1558 1502 1600 fructu

160 1621 321 1676 perfrui
353 1624 396 1662 et
427 1621 645 1675 impartire
671 1620 794 1661 nobis
820 1619 1041 1660 unctulum
1068 1618 1265 1672 indidem,
1296 1620 1502 1671 tuumque
1521 1632 1554 1660 25

159 1681 418 1734 mancipium
456 1679 801 1721 inremunerabili
838 1678 1042 1719 beneficio
1084 1678 1143 1718 816
1180 1677 1260 1718 tibi
1296 1679 1502 1731 perpetuo

159 1740 337 1794 pignera
362 1754 408 1780 36
434 1739 517 1779 13111
544 1740 697 1793 perfice
724 1741 771 1779 ut
790 1753 906 1778 meae
933 1736 1090 1778 Veneri
1112 1735 1273 1790 Cupido
1300 1735 1500 1790 pinnatus

160 1799 362 1840 adsistam
396 1798 542 1853 [tibi].'

248 1857 364 1898 ‘Ain’
384 1858 524 1912 inquit
544 1856 795 1911 ‘uulpinaris
811 1855 981 1909 amasio,
1000 1868 1150 1908 meque
1171 1855 1322 1908 sponte
1337 1867 1499 1894 asceam

159 1917 353 1958 cruribus
383 1917 487 1958 meis
524 1916 701 1957 inlidere
731 1914 959 1969 compellis.
1006 1913 1180 1968 Quem>
1208 1912 1268 1953 sic
1297 1912 1498 1953 inermem
1517 1928 1552 1954 30

255 2060 271 2089 1
300 2055 382 2100 ipsa
406 2066 544 2100 perque
569 2056 647 2090 cdd
675 2055 811 2097 Rolmle,
838 2055 913 2089 Pet
952 2053 1107 2098 ipsaque
1132 2062 1198 2096 per
1222 2052 1262 2086 E.
1302 2050 1436 2096 (ipsam
1461 2052 1497 2096 ὃ)

159 2108 178 2137 2
204 2103 412 2138 1108110111111
436 2103 464 2136 F
538 2104 720 2154 suggesta.
741 2115 768 2145 φ
849 2106 868 2135 6
895 2099 1100 2145 unguidine
1126 2100 1203 2134 cdd.
1281 2102 1323 2132 15
1350 2097 1496 2142 magnis

157 2150 255 2193 qu6
281 2152 324 2194 cf.
354 2153 430 2184 107.
447 2154 467 2184 6
590 2153 631 2183 17
659 2148 782 2193 quiuis
808 2148 853 2181 F1
974 2151 1015 2182 21
1043 2147 1190 2199 arrepta
1216 2145 1243 2179 F
1282 2145 1439 2189 adrepta
1465 2153 1495 2188 φ

159 2202 212 2232 )2.
240 2201 284 2232 23
328 2198 440 2232 uerba
476 2208 541 2241 per
561 2218 605 2221 —
625 2207 708 2230 mea
751 2196 960 2239 transposui
991 2198 1074 2239 post
1112 2193 1266 2236 inquam
1302 2193 1413 2237 uulgo
1450 2192 1496 2227 le-

156 2250 294 2291 ymztur
320 2249 403 2289 post
433 2243 615 2286 indidem;
654 2242 817 2288 pupillas
855 2243 959 2287 Lips.
1008 2240 1170 2286 papillas
1208 2240 1286 2275 cdd.
1335 2238 1496 2284 pupulas

157 2293 262 2327 Hild.
288 2292 349 2327 ΒΖ.
447 2295 491 2325 24
517 2290 699 2335 singulari
725 2291 826 2334 Lips.
853 2289 896 2334 g2
921 2287 1121 2333 singularis
1146 2288 1223 2322 cdd.
1322 2290 1365 2320 28
1392 2285 1496 2367 [1111ιέ

154 2340 284 2376 seclusi
379 2342 424 2373 30
450 2338 616 2385 (quem)
644 2337 695 2372 sic
722 2337 899 2372 inermem
917 2336 1037 2381 Luetj.
1061 2335 1187 2371 Goldb.
1226 2333 1360 2368 siciner
1383 2344 1443 2368 me
