1591 2556
83 460 99 486 5

70 757 103 781 10

72 1051 104 1077 15

73 1346 107 1371 20

74 1640 106 1665 25

76 1937 109 1963 30

567 109 666 144 CAP.
693 108 997 143 XXIIII-XXVI
1400 107 1453 148 21

118 223 212 249 meo
251 206 495 262 magisterio
534 205 635 246 mali
673 205 827 246 debent
859 204 1086 245 coherceri’
1125 206 1167 244 et
1206 203 1382 258 profusa
1419 204 1463 245 in

119 267 305 309 medium
337 265 529 320 sportula
559 265 677 306 iubet
709 263 934 305 officialem
968 277 1091 304 suum
1123 263 1296 317 insuper
1326 263 1463 317 pisces

120 325 361 368 inscendere
405 339 452 366 30
488 324 667 378 pedibus
705 324 793 364 suis
838 325 951 364 totos
990 322 1192 363 obterere.
1249 337 1332 376 qua
1369 337 1463 364 con-

121 388 262 427 tentus
299 398 466 425 morum
499 382 784 424 seueritudine
821 396 941 423 meus
972 380 1150 435 Pythias
1189 395 1236 421 ac
1273 381 1379 422 mihi
1417 384 1465 422 ut

118 445 312 486 hauerem
338 443 517 484 suadens
543 442 718 483 ‘sufficit
743 441 848 482 mihi
876 440 939 496 [o]
965 440 1086 481 Luci’
1112 440 1252 494 inquit
1272 439 1464 481 ς3011101111

122 506 241 545 131113
269 502 373 543 11300
402 501 686 543 contumelia.’

208 561 288 603 His
327 561 431 602 actis
471 562 765 602 consternatus
808 574 855 600 ac
897 573 1072 613 prorsus
1117 558 1369 612 obstupidus
1415 558 1466 598 ad

121 621 292 662 balneas
324 635 391 661 me
429 620 583 674 refero,
614 618 835 674 prudentis
874 617 1152 672 condiscipuli
1191 617 1333 659 ualido
1372 632 1466 658 con-

122 681 217 722 silio
250 682 292 721 et
323 679 509 721 nummis
547 678 674 720 simul
705 678 899 732 priuatus
932 680 974 718 et
1006 692 1124 731 cena,
1154 676 1382 731 lautusque
1416 677 1467 717 ad

121 739 355 794 hospitium
387 738 561 780 Milonis
594 753 640 779 ac
673 737 824 778 dehinc
856 736 1097 778 cubiculum
1130 751 1197 777 me
1228 738 1411 790 reporto.

213 797 434 853 [p.17.E.]
489 796 644 838 XXVI.
684 796 744 837 Et
776 811 869 837 ecce
901 795 1020 837 Fotis
1053 795 1207 836 ancilla
1239 795 1378 850 ‘rogat
1409 794 1468 836 te'

124 858 263 912 inquit
295 857 492 911 ‘hospes'
549 859 592 897 at
624 869 701 911 ego
734 856 818 897 iam
851 855 947 896 inde
978 854 1152 896 Milonis
1187 854 1467 895 abstinentiae

125 917 320 972 cognitor
352 916 551 958 excusaui
584 915 772 969 comiter,
811 914 924 969 quod
955 914 1048 955 uiae
1080 914 1351 955 uexationem
1382 928 1467 954 non

125 976 218 1018 cibo
252 976 324 1017 sed
355 990 504 1017 somno
532 989 745 1016 censerem
772 974 1024 1015 diluendam.
1069 973 1151 1014 isto
1180 975 1351 1027 accepto
1377 988 1467 1026 per-

126 1035 190 1091 git
221 1035 310 1090 ipse
343 1038 385 1076 et
416 1035 571 1076 iniecta
603 1034 776 1075 dextera
808 1033 1036 1074 clementer
1073 1047 1139 1074 me
1174 1032 1341 1073 trahere
1374 1032 1468 1072 ado·

124 1095 245 1135 ritur.
279 1109 325 1136 30
351 1094 450 1135 dum
477 1096 663 1147 cunctor,
690 1093 789 1134 dum
815 1092 1004 1134 modeste
1030 1092 1190 1133 renitor
1215 1091 1315 1132 enon
1334 1090 1469 1145 prius'

126 1154 264 1208 inquit
305 1153 531 1194 ‘discedam
573 1167 699 1206 quam
740 1167 807 1193 me
849 1151 1055 1205 sequaris'
1096 1153 1138 1192 et
1179 1151 1337 1191 dictum
1378 1150 1468 1191 iure

127 1212 303 1254 iurando
355 1215 524 1253 secutus
574 1211 657 1251 iam
709 1210 986 1251 obstinationi
1037 1224 1135 1251 suae
1177 1224 1243 1250 me
1288 1209 1468 1264 ingratis

128 1271 420 1313 oboedientem
457 1270 651 1325 perducit
682 1269 734 1310 ad
772 1269 893 1310 illum
935 1283 1058 1310 suum
1103 1268 1389 1324 grabattulum
1428 1271 1469 1309 et

126 1330 329 1372 residenti
379 1330 521 1384 ‘quarn
567 1329 682 1370 salue
726 1329 830 1383 agit’
874 1328 1014 1382 inquit
1058 1327 1253 1369 ‘Demeas
1296 1327 1468 1369 noster?

128 1389 228 1444 quid
254 1389 389 1430 uxor?
417 1389 519 1443 quid
543 1387 696 1429 liberi?
724 1388 825 1441 quid
851 1386 1113 1428 uei-naculi‘?’
1138 1401 1263 1427 narro
1291 1386 1469 1441 singula.

125 1451 399 1503 percontatur
451 1447 688 1488 accuratius
738 1461 885 1487 causas
936 1447 1065 1487 0113111
1115 1446 1470 1500 peregrinationis

125 1522 253 1549 meae.
299 1521 403 1561 quas
429 1506 503 1547 ubi
529 1506 660 1560 probe
692 1505 865 1560 protuli,
898 1505 980 1546 iam
1014 1508 1056 1546 et
1087 1505 1136 1545 de
1163 1505 1301 1559 patria
1325 1507 1471 1545 nostra

127 1570 170 1608 et
201 1567 290 1608 eius
322 1566 581 1620 primoribus
620 1580 666 1606 ac
699 1565 879 1619 denique
918 1564 967 1605 de
1000 1564 1093 1618 ipso
1134 1563 1325 1618 praeside
1358 1578 1470 1605 scru—

126 1626 396 1680 pulosissime
429 1624 672 1679 explorans,
703 1624 777 1665 ubi
808 1639 875 1665 me
907 1626 1006 1678 post
1037 1623 1201 1665 itineris
1233 1626 1321 1664 tam
1354 1623 1470 1664 saeui

127 1685 396 1727 uexationem
436 1684 568 1725 sensit
605 1682 844 1724 fabularum
890 1697 1057 1737 quoque
1100 1683 1204 1724 serie
1243 1682 1469 1737 fatigatum

128 1745 170 1785 in
202 1744 331 1785 uerba
367 1743 506 1784 media
543 1742 856 1784 somnolentum
890 1742 1078 1784 desinere
1118 1741 1202 1796 [ac]
1241 1756 1316 1782 nec
1358 1741 1470 1795 quic-

129 1818 254 1857 quam
293 1803 502 1844 defectum
541 1802 624 1843 iam
662 1801 801 1856 <nisi>
838 1802 998 1842 incerta
1042 1801 1268 1842 uerborum
1307 1800 1472 1842 salebra

127 1862 350 1916 balbutire,
382 1861 552 1902 tandem
584 1860 745 1915 patitur
782 1861 972 1902 cubitum
1012 1861 1292 1902 concederem.
1355 1859 1470 1901 euasi

129 1921 354 1976 aliquando
386 1920 546 1961 rancidi
573 1920 685 1960 senis
710 1919 867 1974 loquax
894 1923 935 1961 et
956 1919 1199 1961 famelicum
1226 1919 1470 1960 conuiuium

231 2065 248 2095 1
281 2060 373 2095 mali
405 2059 543 2094 debent
575 2059 761 2094 coherceri
792 2059 819 2093 F
852 2062 881 2103 (t
914 2060 1082 2094 uocabula*
1119 2059 1256 2094 debent
1286 2059 1393 2093 ualde
1424 2058 1472 2092 si-

130 2110 226 2143 milis
259 2113 309 2144 est
346 2109 484 2143 litterae
510 2108 545 2150 o)
576 2105 694 2140 malos
727 2107 844 2141 debeo
877 2107 1070 2142 cohercere
1097 2120 1124 2151 φ
1245 2110 1264 2140 5
1296 2105 1472 2140 hauerem

129 2157 260 2201 scripsi
291 2155 433 2190 abirem
457 2155 567 2199 uulyo
598 2153 768 2188 habitem
793 2154 820 2187 F
865 2154 1027 2189 *abirem
1053 2168 1080 2199 φ
1125 2156 1183 2188 331
1207 2153 1384 2188 haberem
1410 2152 1470 2186 ΒΖ,

132 2214 152 2237 0
184 2204 267 2238 add.
294 2202 342 2236 F2
415 2206 455 2236 11
482 2200 612 2235 Photis
639 2200 755 2246 1¹²ng
829 2204 871 2235 16
890 2201 959 2246 pos
980 2202 1007 2235 F
1083 2204 1125 2235 18
1153 2199 1399 2236 obstinationi
1425 2198 1472 2232 F1

133 2249 396 2285 obstinationis
422 2248 556 2293 F2q0V.
596 2248 677 2282 Urb.
704 2247 744 2281 E.
772 2249 817 2290 cf.
844 2249 964 2293 Luetj.
992 2253 1060 2283 447
1183 2247 1418 2283 obedientem
1444 2245 1471 2279 F

134 2301 176 2331 19
202 2296 458 2342 grauattulum
481 2295 527 2339 φ1
602 2299 643 2328 27
672 2295 747 2341 [30]
772 2296 900 2331 seclusi
924 2296 1151 2340 nequiquam
1171 2309 1198 2340 φ
1273 2297 1315 2328 ’28
1344 2292 1472 2340 <11131>

133 2346 270 2380 inserui
359 2347 402 2377 30
429 2343 582 2386 aliquan
607 2341 708 2385 Fltpl
