1591 2556
105 87 162 127 20
692 85 821 119 LIBRI
845 85 861 119 Ι

98 183 341 224 continatur
366 181 543 236 Pythias
576 181 890 235 condiscipulus
923 182 1034 236 apud
1059 180 1250 222 Athenas
1277 179 1442 222 Atticas

98 256 230 295 meus,
263 241 336 295 qui
368 256 434 282 me
466 244 563 295 post
590 240 776 295 aliquam
804 241 985 282 multum
1018 241 1222 294 temporis
1249 241 1443 295 agnitum

101 304 290 342 amanter
326 300 491 341 inuadit
535 299 837 354 amplexusque
876 314 921 341 ac
960 300 1137 341 comiter
1175 299 1443 340 deosculatus

100 360 175 400 tmi
206 359 327 401 Luci'
360 360 419 400 ait
451 359 532 400 esat
563 358 635 412 pol
667 359 737 399 diu
764 362 828 400 est
855 359 967 412 quod
998 359 1289 400 intel-uisimus
1315 361 1374 399 te:
1402 360 1445 398 at

96 418 289 460 hercules
310 419 459 460 exinde
481 433 576 459 cum
597 433 619 458 a
637 417 831 459 Dositheo
857 418 1062 472 magistro
1083 418 1261 472 digressi
1285 431 1443 458 sumus.
1464 434 1480 459 5

101 493 206 532 quae
239 481 381 519 autem
406 477 486 518 tibi
513 491 638 517 causa
658 476 1011 531 peregrinationis
1038 476 1209 518 huius?
1242 476 1442 517 ‘crastino

103 537 169 578 die
202 537 324 578 scies'
357 537 530 590 inquam
564 535 652 576 ‘sed
685 535 787 589 quid
818 535 961 576 istud?
1000 536 1091 577 uoti
1123 535 1295 590 gaudeo.
1346 550 1444 576 nam

103 599 145 637 et
175 595 282 636 lixas
311 598 352 636 et
382 595 526 650 uirgas
553 597 595 635 et
626 594 820 635 habitum
849 608 1022 648 prorsus
1054 595 1324 649 magistratui
1350 609 1443 636 con-

100 657 321 710 gruentem
348 654 391 694 in
417 656 459 695 te
485 653 637 695 uideo.’
679 653 904 694 ‘annonam
931 653 1142 694 curamus'
1169 654 1228 694 ait
1254 653 1311 694 ‘et
1338 653 1444 694 aedi-

98 714 184 755 lem
212 713 398 767 gerimus
425 716 466 754 et
492 713 633 767 siquid
660 712 865 753 obsonare
895 713 1026 766 cupis,
1053 713 1274 766 (operam)
1298 713 1446 766 utique
1467 729 1500 754 ιο

101 772 494 814 commodabimus.’
537 772 790 813 abnuebam:
824 772 979 825 quippe
1012 772 1085 825 qui
1117 772 1200 812 iam
1233 786 1358 812 cenae
1390 771 1446 812 af-

100 832 223 873 fatim
255 832 465 885 piscatum
498 845 860 885 prospexeramus.
903 831 975 872 sed
1008 831 1119 871 enim
1145 830 1324 884 Pythias
1356 830 1448 871 uisa

101 891 294 945 sportula
331 891 625 945 succussisque
658 891 702 930 in
734 892 950 944 aspectum
992 889 1227 943 planiorem
1259 889 1447 943 piscibus

101 950 161 990 ‘at
179 950 255 990 has
277 950 528 1004 quisquilias
550 950 698 1004 quanti
723 949 928 1003 parasti'.>⁹
971 949 1074 989 ‘uix'
1101 949 1274 1003 inquam
1301 948 1448 1002 tpisca-

103 1009 187 1050 tori
219 1009 474 1050 extorsimus
507 1009 694 1062 accipere
726 1008 883 1063 uiginti
915 1008 1165 1049 denarium.²
1468 1024 1500 1049 15

192 1067 324 1108 XXV.
359 1067 450 1117 Quo
472 1068 615 1108 audito
637 1068 782 1108 statim
803 1068 975 1120 adrepta
993 1067 1163 1108 dextera
1182 1066 1446 1120 postliminio

104 1142 170 1168 me
203 1128 246 1167 111
275 1127 414 1168 forum
441 1127 650 1181 cupidinis
678 1127 880 1167 reducens
907 1126 964 1167 ‘et
991 1141 1013 1166 a
1040 1126 1140 1180 quo’
1166 1126 1306 1179 inquit
1332 1125 1447 1166 ‘isto-

102 1201 196 1227 rum
240 1189 497 1241 nugamenta
533 1186 635 1227 haec
674 1184 972 1239 comparasti?9
1014 1185 1256 1225 demonstro
1289 1184 1448 1225 senicu-

103 1245 213 1286 lum:
240 1245 284 1286 in
311 1245 466 1300 angulo
493 1245 674 1286 sedebat.
715 1259 840 1299 quem
866 1244 1089 1285 confestim
1115 1258 1191 1298 pro
1219 1243 1448 1285 aedilitatis

104 1304 282 1358 imperio
333 1319 435 1345 uoce
480 1304 711 1358 asperrima
755 1304 977 1357 increpans
1022 1303 1121 1343 eiam
1166 1303 1267 1343 iam’
1311 1302 1450 1356 inquit
1470 1319 1504 1344 20

106 1364 197 1405 ‘nec
230 1364 377 1405 amieis
404 1363 575 1418 quidem
600 1363 758 1404 nostris
790 1362 859 1403 uel
885 1362 1056 1403 omnino
1083 1361 1182 1403 ullis
1208 1361 1450 1415 hospitibus

104 1423 291 1476 parcitis,
324 1423 436 1477 quod
468 1425 555 1463 tam
587 1422 754 1476 magnis
785 1422 932 1475 pretiis
966 1422 1102 1474 pisces
1134 1420 1313 1461 friuolos
1346 1420 1450 1461 indi-

107 1482 212 1522 catis
251 1484 291 1522 et
329 1482 476 1522 florem
515 1481 781 1522 Thessalicae
818 1481 1004 1534 regionis
1043 1480 1095 1520 ad
1133 1479 1267 1520 instar
1304 1478 1450 1520 solitu-

107 1540 217 1581 dinis
256 1543 298 1581 et
335 1540 498 1594 scopuli
531 1540 718 1581 edulium
756 1540 929 1580 caritate
963 1538 1198 1579 deducitis?
1255 1538 1329 1579 sed
1365 1552 1450 1579 non

106 1600 288 1654 impune.
347 1600 430 1640 iam
468 1600 579 1640 enim
616 1599 714 1639 faxo
754 1599 861 1639 scias
901 1613 1024 1652 quem
1064 1597 1115 1638 ad
1159 1597 1331 1638 modum
1371 1597 1449 1638 sub
1470 1613 1503 1639 25

204 1778 221 1808 1
251 1774 463 1809 continatur
481 1775 610 1819 scripsi
629 1775 673 1817 cf.
690 1778 744 1808 97.
762 1777 820 1815 103
844 1777 920 1807 108.
937 1778 973 1816 5;
997 1776 1073 1807 132.
1090 1776 1126 1816 23
1155 1775 1232 1806 208.
1250 1776 1309 1815 173
1338 1775 1415 1805 219.
1428 1775 1449 1805 4

109 1827 142 1857 et
167 1822 361 1868 Kiesslz'ny.
392 1821 544 1856 Oomssect.
574 1821 697 1866 Spicil.
718 1823 759 1855 ‘in
784 1821 867 1855 Iud.
889 1820 1001 1856 Schol.
1031 1820 1233 1865 Gryphisw.
1254 1819 1343 1854 Sem.
1364 1823 1448 1854 aest.

113 1872 220 1911 18833
248 1870 435 1915 Weyman,
449 1869 494 1903 A.
510 1870 541 1903 0ss-
556 1869 598 1903 P.
609 1881 647 1913 1).
663 1871 720 1903 48.
738 1869 918 1903 Pet-schem.
941 1868 994 1902 W.
1012 1867 1045 1902 S.
1062 1870 1152 1901 1882
1174 1878 1211 1911 p.
1235 1870 1300 1900 162
1333 1865 1451 1900 conti-

109 1918 221 1950 natur
245 1916 347 1960 F1q>¹
373 1916 612 1950 continuatur
638 1915 790 1959 F²q>2E
869 1919 888 1948 2
915 1914 1081 1958 aliquam
1105 1915 1235 1958 scripsi
1252 1914 1296 1956 cf.
1318 1916 1373 1947 93.
1389 1917 1450 1956 26;

112 1967 225 1997 222.1
265 1963 500 2007 aliquantum
525 1964 588 2007 qu
679 1967 699 1997 3
726 1962 895 2007 agnitum
921 1963 1089 1996 amanter
1113 1962 1242 2006 scripsi
1283 1962 1452 1994 amanter

111 2010 282 2055 agnitum
307 2012 386 2046 edd.
412 2012 457 2053 cf.
473 2014 586 2045 21.17
661 2015 682 2044 4
709 2010 808 2053 quod
834 2010 898 2053 qu
931 2020 1043 2052 quom
1069 2008 1239 2053 S(auppe)
1265 2008 1310 2050 cf.
1326 2008 1448 2042 Plaut.

111 2058 241 2102 Amph.
275 2061 342 2092 302
487 2062 506 2092 5
540 2069 561 2092 a
592 2057 771 2092 Dositheo
803 2058 977 2101 temptaui
1025 2055 1143 2090 adstio
1175 2055 1238 2099 qu
1289 2065 1310 2089 a
1343 2053 1449 2098 Cytio

112 2105 285 2149 S(auppe)
318 2115 361 2139 ex
388 2107 470 2148 asty
496 2116 517 2139 a
543 2117 623 2140 cum
650 2105 838 2139 Stewechio
864 2104 903 2138 E.
1003 2106 1046 2137 10
1079 2100 1285 2150 <operam>
1311 2102 1451 2136 inserui

115 2179 158 2209 14
190 2175 238 2209 ad
269 2175 296 2208 F
436 2180 479 2210 15
512 2175 705 2210 denarium
735 2176 864 2219 scripsi
907 2159 1059 2209 den-eri&
1093 2173 1120 2207 F
1165 2172 1335 2207 denarios
1361 2171 1388 2205 F
1409 2172 1449 2206 E.

115 2225 158 2256 16
184 2222 341 2267 abrepta
367 2222 412 2256 ΓΙ
447 2225 595 2267 arrepta
622 2236 649 2267 φ
676 2224 721 2265 cf.
751 2226 837 2256 15.1
866 2227 898 2256 et
923 2222 999 2257 Pet.
1022 2233 1058 2266 p.
1083 2224 1146 2254 163
1247 2223 1288 2253 19
1321 2219 1450 2254 seden-

113 2270 392 2351 ilgleirlrliOlYisngllfrb.
491 2274 533 2303 22
565 2269 721 2314 paccitis
748 2269 793 2303 ΡΙ
830 2269 947 2313 partis
974 2268 1020 2312 φ1
1051 2270 1152 2313 (corr.
1178 2267 1330 2310 fortasse
1354 2278 1398 2301 m.
1415 2269 1449 2311 1)
