1591 2556
142 87 228 128 272
711 86 840 121 LIBRI
865 85 916 120 XI

143 185 240 227 simi
291 183 488 225 desiderii
536 182 792 224 retinaculis.
866 182 1120 236 prouolutus
1168 182 1348 237 denique
1391 184 1489 224 ante

144 246 416 298 conspectum
461 242 561 283 deae
603 244 646 283 et
684 242 791 283 facie
833 256 926 283 mea
964 242 1036 282 diu
1077 241 1255 283 detersis
1292 240 1488 296 uestigiis

145 304 246 357 eius,
276 302 464 344 lacrimis
497 301 658 342 obortis
690 300 882 355 singultu
915 300 1061 342 crebro
1094 315 1330 342 sermonem
1362 300 1489 342 inter-

144 363 291 404 ficiens
324 364 366 402 et
396 361 528 402 uerba
559 360 765 401 deuorans
798 360 864 401 aio

232 420 366 462 XXV.
399 419 479 460 ‘Tu
512 419 681 473 quidem
713 423 858 460 sancta
891 421 932 459 et
962 418 1138 459 humani
1164 418 1330 473 generis
1356 417 1488 472 sospi-

145 480 277 522 tatrix
314 481 519 534 perpetua
557 493 721 532 semper
757 478 951 519 fouendis
988 477 1240 519 mortalibus
1277 476 1490 530 munifica,

147 539 311 580 dulcem
348 538 497 579 matris
530 537 808 579 adfectionem
840 537 1093 578 miserorum
1126 536 1292 578 casibus
1324 535 1489 577 tribuis.

146 613 222 639 nec
255 598 343 638 dies
370 612 446 638 nec
473 597 591 651 quies
618 596 705 637 ulla
731 612 776 637 ac
802 612 853 637 ne
880 598 1142 637 momentum
1169 595 1339 649 quidem
1365 597 1490 636 tenue

147 658 232 698 tuis
264 657 518 698 transcurrit
548 656 764 697 beneficiis
797 656 995 709 otiosum,
1028 655 1130 709 quin
1160 654 1268 695 mari
1296 656 1491 708 terraque

146 719 346 771 protegas
377 715 572 757 homines
605 717 647 756 et
679 715 865 769 depulsis
896 715 1010 755 uitae
1038 713 1237 768 procellis
1263 712 1493 754 salutarem

147 776 341 830 porrigas
375 775 607 828 dexteram,
646 788 729 828 qua
764 775 950 815 fatorum
982 774 1109 815 etiam
1142 771 1493 814 inextricabiliter

150 837 344 876 contorta
369 836 572 875 retractas
597 833 696 874 licia
721 836 763 874 et
782 833 994 874 Fortunae
1019 834 1294 886 tempestates
1319 831 1492 886 mitigas

150 896 191 935 et
223 893 442 935 stellarum
473 893 624 933 noxios
656 895 820 933 meatus
853 892 1036 933 cohibes.
1089 895 1131 932 te
1163 890 1305 945 superi
1337 889 1494 942 colunt,

150 953 379 994 obseruant
410 952 546 1005 inferi,
578 954 625 992 tu
656 955 772 992 rotas
805 951 961 1005 orbem,
991 951 1174 991 luminas
1205 949 1349 1003 solem,
1380 949 1493 1004 regis

150 1012 369 1065 mundum7
401 1011 536 1052 calcas
568 1010 804 1050 Tartarum.
855 1010 934 1050 tibi
966 1009 1222 1063 respondent
1253 1009 1401 1062 sidera,
1432 1023 1493 1049 re-

152 1071 282 1112 deunt
301 1073 506 1124 tempora,
532 1069 718 1124 gaudent
738 1069 924 1122 numina,
951 1068 1142 1109 seruiunt
1161 1067 1378 1109 elementa.
1419 1070 1493 1108 tuo

151 1133 258 1171 nutu
279 1130 442 1184 spirant
468 1129 650 1182 flamina,
670 1128 867 1169 nutriunt
885 1127 1044 1181 nubila,
1064 1127 1305 1182 germinant
1324 1126 1496 1179 semina,

152 1192 346 1231 crescunt
366 1188 567 1243 germina.
618 1190 735 1228 tuam
761 1187 1026 1228 maiestatem
1049 1186 1377 1240 perhorrescunt
1397 1199 1496 1226 aues

152 1248 266 1290 caelo
299 1249 500 1301 meantes⁷
531 1248 644 1288 ferae
676 1246 893 1287 montibus
926 1248 1126 1300 errantes,
1157 1247 1372 1299 serpentes
1405 1243 1495 1285 solo

150 1308 345 1361 latentes,
375 1306 524 1348 beluae
555 1308 686 1360 ponto
719 1308 924 1346 natantes.
976 1307 1019 1346 at
1050 1318 1128 1360 ego
1153 1304 1384 1346 referendis
1409 1303 1495 1344 lau-

154 1367 277 1408 dibus
309 1366 395 1407 tuis
422 1365 544 1406 exilis
570 1365 739 1419 ingenio
767 1367 809 1406 et
835 1364 1084 1405 adhibendis
1113 1363 1331 1405 sacrificiis
1357 1362 1496 1404 tenuis

153 1425 427 1480 patrimonio:
466 1439 542 1466 nec
579 1424 685 1465 mihi
723 1424 840 1465 uocis
879 1424 1050 1464 ubertas
1089 1423 1141 1463 ad
1178 1422 1354 1464 dicenda
1391 1435 1497 1476 quae

156 1485 205 1525 de
246 1488 320 1526 tua
355 1484 576 1525 maiestate
615 1483 751 1524 sentio
791 1483 950 1524 sufficit
990 1497 1066 1523 nec
1102 1481 1388 1535 <sufficerent>
1425 1494 1499 1521 ora

154 1543 271 1584 mille
296 1543 551 1597 linguaeque
576 1542 754 1583 totidem
775 1542 844 1583 uel
869 1541 1069 1583 indefessi
1095 1541 1302 1582 sermonis
1329 1542 1499 1581 aeterna

155 1602 295 1644 series.
353 1615 452 1656 ergo
486 1602 600 1655 quod
630 1601 768 1642 solum
800 1603 943 1655 potest
973 1600 1199 1655 religiosus
1225 1599 1395 1654 quidem
1424 1598 1498 1640 sed
1518 1620 1531 1640 ι

154 1676 316 1716 pauper
353 1660 560 1715 alioquin,
602 1660 766 1701 efficere
804 1660 976 1701 curabo:
1018 1659 1186 1700 diuinos
1224 1661 1321 1699 tuos
1353 1657 1498 1699 uultus

156 1734 397 1774 numenque
423 1720 738 1760 sanctissimum
765 1719 877 1760 intra
901 1719 1085 1773 pectoris
1110 1718 1194 1759 mei
1220 1720 1380 1759 secreta
1405 1731 1497 1758 con-

159 1779 293 1820 ditum
326 1781 529 1833 perpetuo
563 1779 804 1820 custodiens
836 1777 1129 1833 imaginabor.'

246 1838 315 1879 Ad
346 1839 476 1879 istum
510 1838 683 1879 modum
721 1838 944 1891 deprecato
982 1851 1147 1878 summo
1185 1835 1358 1877 numine
1390 1848 1498 1874 com-

158 1897 307 1951 plexus
348 1896 552 1937 Mithram
593 1897 852 1937 sacerdotem
893 1899 935 1937 et
973 1910 1115 1937 meum
1157 1895 1240 1936 iam
1280 1895 1497 1948 parentem

159 1956 352 2010 colloque
391 1956 479 1996 eius
517 1956 664 1997 multis
704 1955 858 1997 osculis
897 1955 1120 1996 inhaerens
1157 1954 1325 1995 ueniam
1355 1954 1499 2006 postu-

157 2015 317 2069 labam,
356 2015 467 2068 quod
500 2029 595 2056 eum
628 2015 835 2069 condigne
872 2015 1003 2055 tantis
1040 2013 1256 2055 beneficiis
1287 2011 1501 2052 munerari

254 2193 285 2223 3.
301 2193 322 2223 4
348 2188 587 2234 intercipiens
610 2189 716 2224 Corn.
785 2193 805 2223 8
826 2190 871 2232 cf.
888 2189 989 2235 Very.
1006 2188 1133 2234 Geory.
1148 2187 1174 2222 Ι.
1192 2190 1258 2221 208
1326 2189 1372 2259 120
1392 2184 1501 2232 uelue

161 2272 207 2305 F1
306 2276 348 2306 23
387 2272 656 2318 (sufficerent)
695 2272 834 2306 inserui
930 2271 1022 2305 hora
1056 2270 1103 2304 ΕΙ
1199 2273 1241 2303 31
1282 2268 1437 2312 coloque
1475 2267 1502 2301 F

163 2323 206 2352 32
233 2319 333 2362 quod
360 2320 459 2365 eum]
487 2319 537 2363 qd
564 2319 624 2353 dni
651 2319 716 2363 Fq2
756 2329 793 2362 q)
820 2319 931 2353 deum
957 2320 979 2353 δ
1016 2317 1115 2362 quod
1142 2316 1250 2351 deam
1275 2316 1401 2351 Rohde

1512 732 1546 757 1⁰

1515 1026 1548 1052 15

1516 1322 1550 1346 20

1519 1910 1552 1935 30
