<?xml version="1.0" encoding="UTF-8"?>
<!DOCTYPE html PUBLIC "-//W3C//DTD XHTML 1.0 Transitional//EN"
    "http://www.w3.org/TR/xhtml1/DTD/xhtml1-transitional.dtd">
<html xmlns="http://www.w3.org/1999/xhtml" xml:lang="en" lang="en">
 <head>
  <title>
</title>
<meta http-equiv="Content-Type" content="text/html;charset=utf-8" />
  <meta name='ocr-system' content='tesseract 3.04.00' />
  <meta name='ocr-capabilities' content='ocr_page ocr_carea ocr_par ocr_line ocrx_word'/>
</head>
<body>
  <div class='ocr_page' id='page_1' title='image "./metamorphoseonli00apuluoft/metamorphoseonli00apuluoft_0293.png"; bbox 0 0 1591 2556; ppageno 0'>
   <div class='ocr_carea' id='block_1_1' title="bbox 0 527 7 1055">
    <p class='ocr_par' dir='ltr' id='par_1_1' title="bbox 0 527 7 1055">
     <span class='ocr_line' id='line_1_1' title="bbox 0 527 7 1055; baseline 0 0"><span class='ocrx_word' id='word_1_1' title='bbox 0 527 7 1055; x_wconf 95' lang='lat' dir='ltr'> </span> 
     </span>
    </p>
   </div>
   <div class='ocr_carea' id='block_1_2' title="bbox 1 527 5 1055">
    <p class='ocr_par' dir='ltr' id='par_1_2' title="bbox 1 527 5 1055">
     <span class='ocr_line' id='line_1_2' title="bbox 1 527 5 1055; baseline 0 0"><span class='ocrx_word' id='word_1_2' title='bbox 1 527 5 1055; x_wconf 95' lang='lat' dir='ltr'> </span> 
     </span>
    </p>
   </div>
   <div class='ocr_carea' id='block_1_3' title="bbox 1 527 5 1055">
    <p class='ocr_par' dir='ltr' id='par_1_3' title="bbox 1 527 5 1055">
     <span class='ocr_line' id='line_1_3' title="bbox 1 527 5 1055; baseline 0 0"><span class='ocrx_word' id='word_1_3' title='bbox 1 527 5 1055; x_wconf 95' lang='lat' dir='ltr'> </span> 
     </span>
    </p>
   </div>
   <div class='ocr_carea' id='block_1_4' title="bbox 0 527 10 1468">
    <p class='ocr_par' dir='ltr' id='par_1_4' title="bbox 0 527 10 1468">
     <span class='ocr_line' id='line_1_4' title="bbox 0 527 10 1468; baseline 0 0"><span class='ocrx_word' id='word_1_4' title='bbox 0 527 10 1468; x_wconf 95' lang='lat' dir='ltr'> </span> 
     </span>
    </p>
   </div>
   <div class='ocr_carea' id='block_1_5' title="bbox 0 1051 28 2556">
    <p class='ocr_par' dir='ltr' id='par_1_5' title="bbox 0 1051 28 2556">
     <span class='ocr_line' id='line_1_5' title="bbox 0 1051 28 2556; baseline 0 0"><span class='ocrx_word' id='word_1_5' title='bbox 0 1051 28 2556; x_wconf 95' lang='lat' dir='ltr'> </span> 
     </span>
    </p>
   </div>
   <div class='ocr_carea' id='block_1_6' title="bbox 87 451 105 476">
    <p class='ocr_par' dir='ltr' id='par_1_6' title="bbox 87 451 105 476">
     <span class='ocr_line' id='line_1_6' title="bbox 87 451 105 476; baseline 0 0"><span class='ocrx_word' id='word_1_6' title='bbox 87 451 105 476; x_wconf 88' lang='grc'>5</span> 
     </span>
    </p>
   </div>
   <div class='ocr_carea' id='block_1_7' title="bbox 69 745 105 770">
    <p class='ocr_par' dir='ltr' id='par_1_7' title="bbox 69 745 105 770">
     <span class='ocr_line' id='line_1_7' title="bbox 69 745 105 770; baseline 0 0"><span class='ocrx_word' id='word_1_7' title='bbox 69 745 105 770; x_wconf 89' lang='grc'>10</span> 
     </span>
    </p>
   </div>
   <div class='ocr_carea' id='block_1_8' title="bbox 70 1041 105 1066">
    <p class='ocr_par' dir='ltr' id='par_1_8' title="bbox 70 1041 105 1066">
     <span class='ocr_line' id='line_1_8' title="bbox 70 1041 105 1066; baseline 0 0"><span class='ocrx_word' id='word_1_8' title='bbox 70 1041 105 1066; x_wconf 90' lang='grc'>15</span> 
     </span>
    </p>
   </div>
   <div class='ocr_carea' id='block_1_9' title="bbox 7 1336 107 1361">
    <p class='ocr_par' dir='ltr' id='par_1_9' title="bbox 7 1336 107 1361">
     <span class='ocr_line' id='line_1_9' title="bbox 7 1336 107 1361; baseline -0.01 0"><span class='ocrx_word' id='word_1_9' title='bbox 7 1339 8 1343; x_wconf 76' lang='grc'>’</span> <span class='ocrx_word' id='word_1_10' title='bbox 71 1336 107 1361; x_wconf 79' lang='lat'>20</span> 
     </span>
    </p>
   </div>
   <div class='ocr_carea' id='block_1_10' title="bbox 71 1630 106 1655">
    <p class='ocr_par' dir='ltr' id='par_1_10' title="bbox 9 1610 106 1655">
     <span class='ocr_line' id='line_1_10' title="bbox 71 1630 106 1655; baseline 0 0"><span class='ocrx_word' id='word_1_11' title='bbox 71 1630 106 1655; x_wconf 84' lang='lat'>25</span> 
     </span>
    </p>
   </div>
   <div class='ocr_carea' id='block_1_11' title="bbox 646 95 1470 142">
    <p class='ocr_par' dir='ltr' id='par_1_11' title="bbox 646 95 1470 142">
     <span class='ocr_line' id='line_1_11' title="bbox 646 95 1470 142; baseline 0.01 -8"><span class='ocrx_word' id='word_1_12' title='bbox 646 99 746 135; x_wconf 88' lang='lat' dir='ltr'>CAP.</span> <span class='ocrx_word' id='word_1_13' title='bbox 767 95 952 134; x_wconf 86' lang='lat' dir='ltr'>VI——VIII</span> <span class='ocrx_word' id='word_1_14' title='bbox 1384 101 1470 142; x_wconf 78' lang='grc'>257</span> 
     </span>
    </p>
   </div>
   <div class='ocr_carea' id='block_1_12' title="bbox 122 194 1473 1846">
    <p class='ocr_par' dir='ltr' id='par_1_12' title="bbox 122 194 1473 1666">
     <span class='ocr_line' id='line_1_12' title="bbox 213 194 1473 251; baseline 0.002 -14"><span class='ocrx_word' id='word_1_15' title='bbox 213 194 308 237; x_wconf 88' lang='lat' dir='ltr'>VH.</span> <span class='ocrx_word' id='word_1_16' title='bbox 342 195 412 237; x_wconf 86' lang='lat' dir='ltr'>Sic</span> <span class='ocrx_word' id='word_1_17' title='bbox 444 195 603 237; x_wconf 87' lang='lat' dir='ltr'>oraculi</span> <span class='ocrx_word' id='word_1_18' title='bbox 633 195 889 237; x_wconf 88' lang='lat' dir='ltr'>uenerabilis</span> <span class='ocrx_word' id='word_1_19' title='bbox 919 196 1004 237; x_wconf 86' lang='lat' dir='ltr'>fine</span> <span class='ocrx_word' id='word_1_20' title='bbox 1035 196 1202 251; x_wconf 87' lang='lat' dir='ltr'>prolato</span> <span class='ocrx_word' id='word_1_21' title='bbox 1228 212 1385 239; x_wconf 90' lang='lat' dir='ltr'>numen</span> <span class='ocrx_word' id='word_1_22' title='bbox 1410 198 1473 238; x_wconf 89' lang='lat' dir='ltr'>in-</span> 
     </span>
     <span class='ocr_line' id='line_1_13' title="bbox 124 254 1470 310; baseline 0.001 -14"><span class='ocrx_word' id='word_1_23' title='bbox 124 255 287 297; x_wconf 92' lang='lat' dir='ltr'>uictum</span> <span class='ocrx_word' id='word_1_24' title='bbox 318 255 362 296; x_wconf 90' lang='lat' dir='ltr'>in</span> <span class='ocrx_word' id='word_1_25' title='bbox 394 269 438 295; x_wconf 91' lang='lat' dir='ltr'>se</span> <span class='ocrx_word' id='word_1_26' title='bbox 469 254 653 296; x_wconf 86' lang='lat' dir='ltr'>recessit.</span> <span class='ocrx_word' id='word_1_27' title='bbox 714 270 790 296; x_wconf 88' lang='lat' dir='ltr'>nec</span> <span class='ocrx_word' id='word_1_28' title='bbox 820 269 940 296; x_wconf 89' lang='lat' dir='ltr'>mora</span> <span class='ocrx_word' id='word_1_29' title='bbox 972 270 1067 296; x_wconf 85' lang='lat' dir='ltr'>eum</span> <span class='ocrx_word' id='word_1_30' title='bbox 1099 270 1248 297; x_wconf 89' lang='lat' dir='ltr'>somno</span> <span class='ocrx_word' id='word_1_31' title='bbox 1274 257 1470 310; x_wconf 89' lang='lat' dir='ltr'>protinus</span> 
     </span>
     <span class='ocr_line' id='line_1_14' title="bbox 126 314 1471 369; baseline 0.001 -14"><span class='ocrx_word' id='word_1_32' title='bbox 126 314 346 355; x_wconf 87' lang='lat' dir='ltr'>absolutus</span> <span class='ocrx_word' id='word_1_33' title='bbox 378 328 535 368; x_wconf 88' lang='lat' dir='ltr'>pauore</span> <span class='ocrx_word' id='word_1_34' title='bbox 567 316 610 355; x_wconf 92' lang='lat' dir='ltr'>et</span> <span class='ocrx_word' id='word_1_35' title='bbox 633 317 794 367; x_wconf 74' lang='lat' dir='ltr'>stupore</span> <span class='ocrx_word' id='word_1_36' title='bbox 825 329 872 355; x_wconf 87' lang='lat' dir='ltr'>ac</span> <span class='ocrx_word' id='word_1_37' title='bbox 905 314 1001 355; x_wconf 90' lang='lat' dir='ltr'>dein</span> <span class='ocrx_word' id='word_1_38' title='bbox 1028 315 1183 368; x_wconf 66' lang='lat' dir='ltr'>qaudio</span> <span class='ocrx_word' id='word_1_39' title='bbox 1213 315 1346 356; x_wconf 88' lang='lat' dir='ltr'>nimio</span> <span class='ocrx_word' id='word_1_40' title='bbox 1378 330 1471 369; x_wconf 89' lang='lat' dir='ltr'>per-</span> 
     </span>
     <span class='ocr_line' id='line_1_15' title="bbox 125 373 1469 428; baseline 0.001 -14"><span class='ocrx_word' id='word_1_41' title='bbox 125 373 285 414; x_wconf 84' lang='lat' dir='ltr'>mixtus</span> <span class='ocrx_word' id='word_1_42' title='bbox 317 386 478 427; x_wconf 85' lang='lat' dir='ltr'>exurgo</span> <span class='ocrx_word' id='word_1_43' title='bbox 517 387 764 428; x_wconf 81' lang='lat' dir='ltr'><strong>summeque</strong></span> <span class='ocrx_word' id='word_1_44' title='bbox 801 373 980 414; x_wconf 83' lang='lat' dir='ltr'>miratus</span> <span class='ocrx_word' id='word_1_45' title='bbox 1019 373 1119 415; x_wconf 90' lang='lat' dir='ltr'>deae</span> <span class='ocrx_word' id='word_1_46' title='bbox 1156 374 1344 428; x_wconf 84' lang='lat' dir='ltr'>potentis</span> <span class='ocrx_word' id='word_1_47' title='bbox 1382 377 1469 415; x_wconf 86' lang='lat' dir='ltr'>tam</span> 
     </span>
     <span class='ocr_line' id='line_1_16' title="bbox 125 432 1471 488; baseline 0 -14"><span class='ocrx_word' id='word_1_48' title='bbox 125 432 281 474; x_wconf 90' lang='lat' dir='ltr'>claram</span> <span class='ocrx_word' id='word_1_49' title='bbox 311 432 613 486; x_wconf 69' lang='lat' dir='ltr'>praesentiam,</span> <span class='ocrx_word' id='word_1_50' title='bbox 648 433 812 473; x_wconf 86' lang='lat' dir='ltr'>marino</span> <span class='ocrx_word' id='word_1_51' title='bbox 845 447 938 474; x_wconf 90' lang='lat' dir='ltr'>rore</span> <span class='ocrx_word' id='word_1_52' title='bbox 970 447 1187 487; x_wconf 87' lang='lat' dir='ltr'>respersus</span> <span class='ocrx_word' id='word_1_53' title='bbox 1219 433 1471 488; x_wconf 82' lang='lat' dir='ltr'>magnisque</span> 
     </span>
     <span class='ocr_line' id='line_1_17' title="bbox 124 491 1469 545; baseline 0.001 -13"><span class='ocrx_word' id='word_1_54' title='bbox 124 491 314 545; x_wconf 89' lang='lat' dir='ltr'>imperiis</span> <span class='ocrx_word' id='word_1_55' title='bbox 352 491 441 532; x_wconf 91' lang='lat' dir='ltr'>eius</span> <span class='ocrx_word' id='word_1_56' title='bbox 479 491 669 533; x_wconf 87' lang='lat' dir='ltr'>intentus</span> <span class='ocrx_word' id='word_1_57' title='bbox 705 491 954 533; x_wconf 87' lang='lat' dir='ltr'>monitionis</span> <span class='ocrx_word' id='word_1_58' title='bbox 993 492 1183 533; x_wconf 87' lang='lat' dir='ltr'>ordinem</span> <span class='ocrx_word' id='word_1_59' title='bbox 1220 492 1469 534; x_wconf 81' lang='lat' dir='ltr'>recolebam.</span> 
     </span>
     <span class='ocr_line' id='line_1_18' title="bbox 123 551 1473 606; baseline 0.001 -16"><span class='ocrx_word' id='word_1_60' title='bbox 123 565 200 591; x_wconf 90' lang='lat' dir='ltr'>nec</span> <span class='ocrx_word' id='word_1_61' title='bbox 230 564 350 591; x_wconf 92' lang='lat' dir='ltr'>mora</span> <span class='ocrx_word' id='word_1_62' title='bbox 387 565 483 591; x_wconf 90' lang='lat' dir='ltr'>cum</span> <span class='ocrx_word' id='word_1_63' title='bbox 514 551 652 592; x_wconf 89' lang='lat' dir='ltr'>noctis</span> <span class='ocrx_word' id='word_1_64' title='bbox 683 553 799 592; x_wconf 89' lang='lat' dir='ltr'>atrae</span> <span class='ocrx_word' id='word_1_65' title='bbox 835 551 985 606; x_wconf 87' lang='lat' dir='ltr'>fugato</span> <span class='ocrx_word' id='word_1_66' title='bbox 1023 551 1170 592; x_wconf 90' lang='lat' dir='ltr'>nubilo</span> <span class='ocrx_word' id='word_1_67' title='bbox 1204 551 1269 592; x_wconf 94' lang='lat' dir='ltr'>sol</span> <span class='ocrx_word' id='word_1_68' title='bbox 1301 551 1473 606; x_wconf 86' lang='lat' dir='ltr'>exurgit</span> 
     </span>
     <span class='ocr_line' id='line_1_19' title="bbox 123 609 1470 665; baseline 0.001 -15"><span class='ocrx_word' id='word_1_69' title='bbox 123 624 275 650; x_wconf 87' lang='lat' dir='ltr'>aureus</span> <span class='ocrx_word' id='word_1_70' title='bbox 307 611 350 650; x_wconf 90' lang='lat' dir='ltr'>et</span> <span class='ocrx_word' id='word_1_71' title='bbox 381 624 474 650; x_wconf 90' lang='lat' dir='ltr'>ecce</span> <span class='ocrx_word' id='word_1_72' title='bbox 500 609 692 651; x_wconf 83' lang='lat' dir='ltr'>discursu</span> <span class='ocrx_word' id='word_1_73' title='bbox 718 610 919 664; x_wconf 87' lang='lat' dir='ltr'>religioso</span> <span class='ocrx_word' id='word_1_74' title='bbox 946 625 993 652; x_wconf 88' lang='lat' dir='ltr'>ac</span> <span class='ocrx_word' id='word_1_75' title='bbox 1018 625 1193 664; x_wconf 90' lang='lat' dir='ltr'>prorsus</span> <span class='ocrx_word' id='word_1_76' title='bbox 1219 610 1470 665; x_wconf 87' lang='lat' dir='ltr'>triumphali</span> 
     </span>
     <span class='ocr_line' id='line_1_20' title="bbox 123 668 1469 723; baseline 0 -13"><span class='ocrx_word' id='word_1_77' title='bbox 123 668 309 710; x_wconf 75' lang='lat' dir='ltr'>turbelae</span> <span class='ocrx_word' id='word_1_78' title='bbox 350 668 564 722; x_wconf 87' lang='lat' dir='ltr'>complent</span> <span class='ocrx_word' id='word_1_79' title='bbox 603 671 715 710; x_wconf 89' lang='lat' dir='ltr'>totas</span> <span class='ocrx_word' id='word_1_80' title='bbox 752 668 914 723; x_wconf 89' lang='lat' dir='ltr'>plateas</span> <span class='ocrx_word' id='word_1_81' title='bbox 952 672 1154 723; x_wconf 87' lang='lat' dir='ltr'>tantaque</span> <span class='ocrx_word' id='word_1_82' title='bbox 1191 669 1469 711; x_wconf 89' lang='lat' dir='ltr'>hilaritudine</span> 
     </span>
     <span class='ocr_line' id='line_1_21' title="bbox 123 727 1470 783; baseline 0.001 -15"><span class='ocrx_word' id='word_1_83' title='bbox 123 730 292 782; x_wconf 89' lang='lat' dir='ltr'>praeter</span> <span class='ocrx_word' id='word_1_84' title='bbox 321 727 576 782; x_wconf 80' lang='lat' dir='ltr'>peculiarem</span> <span class='ocrx_word' id='word_1_85' title='bbox 607 742 745 769; x_wconf 86' lang='lat' dir='ltr'>meam</span> <span class='ocrx_word' id='word_1_86' title='bbox 777 729 935 783; x_wconf 84' lang='lat' dir='ltr'>gestire</span> <span class='ocrx_word' id='word_1_87' title='bbox 963 728 1069 769; x_wconf 89' lang='lat' dir='ltr'>mihi</span> <span class='ocrx_word' id='word_1_88' title='bbox 1096 731 1247 770; x_wconf 89' lang='lat' dir='ltr'>cuncta</span> <span class='ocrx_word' id='word_1_89' title='bbox 1272 729 1470 770; x_wconf 86' lang='lat' dir='ltr'>uideban-</span> 
     </span>
     <span class='ocr_line' id='line_1_22' title="bbox 123 787 1469 841; baseline 0.001 -14"><span class='ocrx_word' id='word_1_90' title='bbox 123 789 205 841; x_wconf 78' lang='lat' dir='ltr'>tur,</span> <span class='ocrx_word' id='word_1_91' title='bbox 248 789 297 828; x_wconf 91' lang='lat' dir='ltr'>ut</span> <span class='ocrx_word' id='word_1_92' title='bbox 339 801 471 840; x_wconf 83' lang='lat' dir='ltr'>pecua</span> <span class='ocrx_word' id='word_1_93' title='bbox 514 787 642 828; x_wconf 88' lang='lat' dir='ltr'>etiam</span> <span class='ocrx_word' id='word_1_94' title='bbox 686 787 970 828; x_wconf 87' lang='lat' dir='ltr'>cuiuscemodi</span> <span class='ocrx_word' id='word_1_95' title='bbox 1009 790 1051 828; x_wconf 87' lang='lat' dir='ltr'>et</span> <span class='ocrx_word' id='word_1_96' title='bbox 1088 790 1201 828; x_wconf 85' lang='lat' dir='ltr'>totas</span> <span class='ocrx_word' id='word_1_97' title='bbox 1240 788 1387 829; x_wconf 88' lang='lat' dir='ltr'>domos</span> <span class='ocrx_word' id='word_1_98' title='bbox 1427 791 1469 829; x_wconf 90' lang='lat' dir='ltr'>et</span> 
     </span>
     <span class='ocr_line' id='line_1_23' title="bbox 124 845 1472 901; baseline 0.001 -15"><span class='ocrx_word' id='word_1_99' title='bbox 124 846 265 900; x_wconf 87' lang='lat' dir='ltr'>ipsum</span> <span class='ocrx_word' id='word_1_100' title='bbox 306 845 416 886; x_wconf 90' lang='lat' dir='ltr'>diem</span> <span class='ocrx_word' id='word_1_101' title='bbox 454 860 601 887; x_wconf 87' lang='lat' dir='ltr'>serena</span> <span class='ocrx_word' id='word_1_102' title='bbox 640 846 747 888; x_wconf 87' lang='lat' dir='ltr'>facie</span> <span class='ocrx_word' id='word_1_103' title='bbox 789 847 970 901; x_wconf 88' lang='lat' dir='ltr'>gaudere</span> <span class='ocrx_word' id='word_1_104' title='bbox 1011 847 1224 888; x_wconf 90' lang='lat' dir='ltr'>sentirem.</span> <span class='ocrx_word' id='word_1_105' title='bbox 1292 862 1390 887; x_wconf 87' lang='lat' dir='ltr'>nam</span> <span class='ocrx_word' id='word_1_106' title='bbox 1430 850 1472 888; x_wconf 87' lang='lat' dir='ltr'>et</span> 
     </span>
     <span class='ocr_line' id='line_1_24' title="bbox 123 904 1470 960; baseline 0.001 -15"><span class='ocrx_word' id='word_1_107' title='bbox 123 905 319 959; x_wconf 88' lang='lat' dir='ltr'>pruinam</span> <span class='ocrx_word' id='word_1_108' title='bbox 359 904 596 958; x_wconf 86' lang='lat' dir='ltr'>pridianam</span> <span class='ocrx_word' id='word_1_109' title='bbox 638 905 726 946; x_wconf 91' lang='lat' dir='ltr'>dies</span> <span class='ocrx_word' id='word_1_110' title='bbox 768 906 935 960; x_wconf 89' lang='lat' dir='ltr'>apricus</span> <span class='ocrx_word' id='word_1_111' title='bbox 977 920 1024 947; x_wconf 88' lang='lat' dir='ltr'>ac</span> <span class='ocrx_word' id='word_1_112' title='bbox 1063 906 1255 960; x_wconf 88' lang='lat' dir='ltr'>placidus</span> <span class='ocrx_word' id='word_1_113' title='bbox 1296 909 1470 960; x_wconf 89' lang='lat' dir='ltr'>repente</span> 
     </span>
     <span class='ocr_line' id='line_1_25' title="bbox 122 964 1468 1019; baseline 0.001 -15"><span class='ocrx_word' id='word_1_114' title='bbox 122 964 261 1005; x_wconf 88' lang='lat' dir='ltr'>fuerat</span> <span class='ocrx_word' id='word_1_115' title='bbox 291 964 520 1018; x_wconf 74' lang='lat' dir='ltr'>insecutus,</span> <span class='ocrx_word' id='word_1_116' title='bbox 551 967 599 1005; x_wconf 91' lang='lat' dir='ltr'>ut</span> <span class='ocrx_word' id='word_1_117' title='bbox 630 979 807 1006; x_wconf 86' lang='lat' dir='ltr'>canorae</span> <span class='ocrx_word' id='word_1_118' title='bbox 839 965 968 1006; x_wconf 88' lang='lat' dir='ltr'>etiam</span> <span class='ocrx_word' id='word_1_119' title='bbox 995 965 1184 1006; x_wconf 87' lang='lat' dir='ltr'>auiculae</span> <span class='ocrx_word' id='word_1_120' title='bbox 1209 965 1468 1019; x_wconf 84' lang='lat' dir='ltr'>prolectatae</span> 
     </span>
     <span class='ocr_line' id='line_1_26' title="bbox 125 1025 1472 1076; baseline 0.001 -13"><span class='ocrx_word' id='word_1_121' title='bbox 125 1037 256 1064; x_wconf 90' lang='lat' dir='ltr'>uerno</span> <span class='ocrx_word' id='word_1_122' title='bbox 288 1037 445 1076; x_wconf 87' lang='lat' dir='ltr'>uapore</span> <span class='ocrx_word' id='word_1_123' title='bbox 477 1026 706 1065; x_wconf 73' lang='lat' dir='ltr'>concentus</span> <span class='ocrx_word' id='word_1_124' title='bbox 738 1038 890 1065; x_wconf 87' lang='lat' dir='ltr'>suaues</span> <span class='ocrx_word' id='word_1_125' title='bbox 922 1025 1176 1065; x_wconf 88' lang='lat' dir='ltr'>adsonarent</span> <span class='ocrx_word' id='word_1_126' title='bbox 1206 1026 1386 1065; x_wconf 88' lang='lat' dir='ltr'>matrem</span> <span class='ocrx_word' id='word_1_127' title='bbox 1419 1025 1472 1065; x_wconf 90' lang='lat' dir='ltr'>si-</span> 
     </span>
     <span class='ocr_line' id='line_1_27' title="bbox 126 1082 1472 1138; baseline 0.001 -16"><span class='ocrx_word' id='word_1_128' title='bbox 126 1082 291 1136; x_wconf 77' lang='lat' dir='ltr'>derum,</span> <span class='ocrx_word' id='word_1_129' title='bbox 328 1084 546 1135; x_wconf 88' lang='lat' dir='ltr'>parentem</span> <span class='ocrx_word' id='word_1_130' title='bbox 585 1085 824 1136; x_wconf 87' lang='lat' dir='ltr'>temporum</span> <span class='ocrx_word' id='word_1_131' title='bbox 858 1083 1056 1138; x_wconf 84' lang='lat' dir='ltr'>orbisque</span> <span class='ocrx_word' id='word_1_132' title='bbox 1091 1084 1224 1124; x_wconf 88' lang='lat' dir='ltr'>totius</span> <span class='ocrx_word' id='word_1_133' title='bbox 1256 1083 1472 1124; x_wconf 90' lang='lat' dir='ltr'>dominam</span> 
     </span>
     <span class='ocr_line' id='line_1_28' title="bbox 126 1140 1473 1197; baseline 0.001 -15"><span class='ocrx_word' id='word_1_134' title='bbox 126 1141 281 1182; x_wconf 87' lang='lat' dir='ltr'>blando</span> <span class='ocrx_word' id='word_1_135' title='bbox 314 1140 546 1182; x_wconf 88' lang='lat' dir='ltr'>mulcentes</span> <span class='ocrx_word' id='word_1_136' title='bbox 579 1141 799 1184; x_wconf 86' lang='lat' dir='ltr'>adfamine.</span> <span class='ocrx_word' id='word_1_137' title='bbox 851 1142 953 1196; x_wconf 87' lang='lat' dir='ltr'>quid</span> <span class='ocrx_word' id='word_1_138' title='bbox 985 1142 1097 1196; x_wconf 90' lang='lat' dir='ltr'>quod</span> <span class='ocrx_word' id='word_1_139' title='bbox 1129 1142 1300 1183; x_wconf 85' lang='lat' dir='ltr'>arbores</span> <span class='ocrx_word' id='word_1_140' title='bbox 1332 1142 1473 1197; x_wconf 84' lang='lat' dir='ltr'>etiam,</span> 
     </span>
     <span class='ocr_line' id='line_1_29' title="bbox 127 1199 1472 1255; baseline 0.001 -14"><span class='ocrx_word' id='word_1_141' title='bbox 127 1214 233 1254; x_wconf 89' lang='lat' dir='ltr'>quae</span> <span class='ocrx_word' id='word_1_142' title='bbox 265 1199 472 1253; x_wconf 86' lang='lat' dir='ltr'>pomifera</span> <span class='ocrx_word' id='word_1_143' title='bbox 504 1200 652 1241; x_wconf 87' lang='lat' dir='ltr'>subole</span> <span class='ocrx_word' id='word_1_144' title='bbox 682 1201 885 1242; x_wconf 86' lang='lat' dir='ltr'>fecundae</span> <span class='ocrx_word' id='word_1_145' title='bbox 919 1216 1108 1255; x_wconf 89' lang='lat' dir='ltr'>quaeque</span> <span class='ocrx_word' id='word_1_146' title='bbox 1134 1216 1279 1242; x_wconf 90' lang='lat' dir='ltr'>earum</span> <span class='ocrx_word' id='word_1_147' title='bbox 1304 1204 1472 1243; x_wconf 87' lang='lat' dir='ltr'>tantum</span> 
     </span>
     <span class='ocr_line' id='line_1_30' title="bbox 127 1259 1472 1316; baseline 0.001 -17"><span class='ocrx_word' id='word_1_148' title='bbox 127 1259 277 1299; x_wconf 88' lang='lat' dir='ltr'>umbra</span> <span class='ocrx_word' id='word_1_149' title='bbox 309 1261 530 1310; x_wconf 82' lang='lat' dir='ltr'>contentae</span> <span class='ocrx_word' id='word_1_150' title='bbox 556 1259 734 1313; x_wconf 77' lang='lat' dir='ltr'>steriles,</span> <span class='ocrx_word' id='word_1_151' title='bbox 766 1260 966 1301; x_wconf 87' lang='lat' dir='ltr'>austrinis</span> <span class='ocrx_word' id='word_1_152' title='bbox 992 1260 1156 1301; x_wconf 85' lang='lat' dir='ltr'>laxatae</span> <span class='ocrx_word' id='word_1_153' title='bbox 1181 1261 1355 1301; x_wconf 87' lang='lat' dir='ltr'>flatibus</span> <span class='ocrx_word' id='word_1_154' title='bbox 1381 1274 1472 1316; x_wconf 88' lang='lat' dir='ltr'>ger-</span> 
     </span>
     <span class='ocr_line' id='line_1_31' title="bbox 125 1317 1471 1361; baseline 0.001 -3"><span class='ocrx_word' id='word_1_155' title='bbox 125 1318 239 1359; x_wconf 88' lang='lat' dir='ltr'>mine</span> <span class='ocrx_word' id='word_1_156' title='bbox 279 1317 480 1359; x_wconf 84' lang='lat' dir='ltr'>foliorum</span> <span class='ocrx_word' id='word_1_157' title='bbox 520 1319 760 1360; x_wconf 87' lang='lat' dir='ltr'>renidentes</span> <span class='ocrx_word' id='word_1_158' title='bbox 802 1319 998 1360; x_wconf 85' lang='lat' dir='ltr'>elementi</span> <span class='ocrx_word' id='word_1_159' title='bbox 1037 1323 1157 1360; x_wconf 91' lang='lat' dir='ltr'>motu</span> <span class='ocrx_word' id='word_1_160' title='bbox 1198 1319 1471 1361; x_wconf 88' lang='lat' dir='ltr'>brachiorum</span> 
     </span>
     <span class='ocr_line' id='line_1_32' title="bbox 126 1377 1471 1433; baseline 0.001 -16"><span class='ocrx_word' id='word_1_161' title='bbox 126 1377 269 1418; x_wconf 90' lang='lat' dir='ltr'>dulces</span> <span class='ocrx_word' id='word_1_162' title='bbox 295 1377 499 1431; x_wconf 86' lang='lat' dir='ltr'>strepitus</span> <span class='ocrx_word' id='word_1_163' title='bbox 526 1378 811 1419; x_wconf 86' lang='lat' dir='ltr'>obsibilabant</span> <span class='ocrx_word' id='word_1_164' title='bbox 836 1392 1076 1433; x_wconf 85' lang='lat' dir='ltr'>magnoque</span> <span class='ocrx_word' id='word_1_165' title='bbox 1100 1378 1385 1432; x_wconf 87' lang='lat' dir='ltr'>procellarum</span> <span class='ocrx_word' id='word_1_166' title='bbox 1411 1394 1471 1420; x_wconf 90' lang='lat' dir='ltr'>se-</span> 
     </span>
     <span class='ocr_line' id='line_1_33' title="bbox 126 1435 1471 1491; baseline 0.002 -15"><span class='ocrx_word' id='word_1_167' title='bbox 126 1436 223 1477; x_wconf 89' lang='lat' dir='ltr'>dato</span> <span class='ocrx_word' id='word_1_168' title='bbox 255 1435 424 1490; x_wconf 85' lang='lat' dir='ltr'>fragore</span> <span class='ocrx_word' id='word_1_169' title='bbox 456 1451 504 1477; x_wconf 88' lang='lat' dir='ltr'>ac</span> <span class='ocrx_word' id='word_1_170' title='bbox 540 1437 711 1478; x_wconf 86' lang='lat' dir='ltr'>turbido</span> <span class='ocrx_word' id='word_1_171' title='bbox 743 1437 950 1478; x_wconf 88' lang='lat' dir='ltr'>fluctuum</span> <span class='ocrx_word' id='word_1_172' title='bbox 982 1440 1148 1478; x_wconf 89' lang='lat' dir='ltr'>tumore</span> <span class='ocrx_word' id='word_1_173' title='bbox 1182 1438 1323 1491; x_wconf 87' lang='lat' dir='ltr'>posito</span> <span class='ocrx_word' id='word_1_174' title='bbox 1355 1453 1471 1479; x_wconf 91' lang='lat' dir='ltr'>mare</span> 
     </span>
     <span class='ocr_line' id='line_1_34' title="bbox 127 1494 1473 1550; baseline 0.002 -15"><span class='ocrx_word' id='word_1_175' title='bbox 127 1495 291 1550; x_wconf 85' lang='lat' dir='ltr'>quietas</span> <span class='ocrx_word' id='word_1_176' title='bbox 329 1494 520 1536; x_wconf 87' lang='lat' dir='ltr'>adluuies</span> <span class='ocrx_word' id='word_1_177' title='bbox 564 1496 844 1550; x_wconf 84' lang='lat' dir='ltr'>temperabat,</span> <span class='ocrx_word' id='word_1_178' title='bbox 889 1496 1050 1538; x_wconf 88' lang='lat' dir='ltr'>caelum</span> <span class='ocrx_word' id='word_1_179' title='bbox 1090 1500 1231 1538; x_wconf 88' lang='lat' dir='ltr'>autem</span> <span class='ocrx_word' id='word_1_180' title='bbox 1275 1497 1473 1538; x_wconf 89' lang='lat' dir='ltr'>nubilosa</span> 
     </span>
     <span class='ocr_line' id='line_1_35' title="bbox 127 1553 1471 1611; baseline 0.002 -17"><span class='ocrx_word' id='word_1_181' title='bbox 127 1553 306 1608; x_wconf 86' lang='lat' dir='ltr'>caligine</span> <span class='ocrx_word' id='word_1_182' title='bbox 359 1553 535 1595; x_wconf 88' lang='lat' dir='ltr'>disiecta</span> <span class='ocrx_word' id='word_1_183' title='bbox 589 1555 747 1596; x_wconf 72' lang='lat' dir='ltr'>nudum</span> <span class='ocrx_word' id='word_1_184' title='bbox 797 1555 1030 1610; x_wconf 77' lang='lat' dir='ltr'>sudumque</span> <span class='ocrx_word' id='word_1_185' title='bbox 1079 1556 1253 1597; x_wconf 87' lang='lat' dir='ltr'>luminis</span> <span class='ocrx_word' id='word_1_186' title='bbox 1309 1557 1471 1611; x_wconf 90' lang='lat' dir='ltr'>proprii</span> 
     </span>
     <span class='ocr_line' id='line_1_36' title="bbox 128 1612 597 1666; baseline 0.002 -13"><span class='ocrx_word' id='word_1_187' title='bbox 128 1612 350 1666; x_wconf 90' lang='lat' dir='ltr'>splendore</span> <span class='ocrx_word' id='word_1_188' title='bbox 382 1613 597 1654; x_wconf 86' lang='lat' dir='ltr'>candebat.</span> 
     </span>
    </p>

    <p class='ocr_par' dir='ltr' id='par_1_13' title="bbox 126 1670 1473 1846">
     <span class='ocr_line' id='line_1_37' title="bbox 215 1670 1473 1728; baseline 0.002 -16"><span class='ocrx_word' id='word_1_189' title='bbox 215 1670 332 1712; x_wconf 87' lang='lat' dir='ltr'>VIII.</span> <span class='ocrx_word' id='word_1_190' title='bbox 381 1671 491 1713; x_wconf 84' lang='lat' dir='ltr'>Ecce</span> <span class='ocrx_word' id='word_1_191' title='bbox 540 1687 719 1727; x_wconf 90' lang='lat' dir='ltr'>pompae</span> <span class='ocrx_word' id='word_1_192' title='bbox 762 1687 941 1727; x_wconf 88' lang='lat' dir='ltr'>magnae</span> <span class='ocrx_word' id='word_1_193' title='bbox 984 1673 1190 1727; x_wconf 89' lang='lat' dir='ltr'>paulatim</span> <span class='ocrx_word' id='word_1_194' title='bbox 1237 1674 1473 1728; x_wconf 70' lang='lat' dir='ltr'>procedunt</span> 
     </span>
     <span class='ocr_line' id='line_1_38' title="bbox 127 1730 1471 1787; baseline 0.002 -16"><span class='ocrx_word' id='word_1_195' title='bbox 127 1730 341 1771; x_wconf 84' lang='lat' dir='ltr'>anteludia</span> <span class='ocrx_word' id='word_1_196' title='bbox 360 1731 519 1772; x_wconf 89' lang='lat' dir='ltr'>uotiuis</span> <span class='ocrx_word' id='word_1_197' title='bbox 540 1731 742 1786; x_wconf 89' lang='lat' dir='ltr'>cuiusque</span> <span class='ocrx_word' id='word_1_198' title='bbox 766 1732 919 1773; x_wconf 88' lang='lat' dir='ltr'>studiis</span> <span class='ocrx_word' id='word_1_199' title='bbox 940 1736 1143 1774; x_wconf 76' lang='lat' dir='ltr'>exornata</span> <span class='ocrx_word' id='word_1_200' title='bbox 1161 1733 1471 1787; x_wconf 84' lang='lat' dir='ltr'>pulcherrume.</span> 
     </span>
     <span class='ocr_line' id='line_1_39' title="bbox 126 1789 1472 1846; baseline 0.002 -16"><span class='ocrx_word' id='word_1_201' title='bbox 126 1789 195 1831; x_wconf 89' lang='lat' dir='ltr'>hic</span> <span class='ocrx_word' id='word_1_202' title='bbox 226 1790 436 1830; x_wconf 88' lang='lat' dir='ltr'>incinctus</span> <span class='ocrx_word' id='word_1_203' title='bbox 467 1790 607 1831; x_wconf 86' lang='lat' dir='ltr'>balteo</span> <span class='ocrx_word' id='word_1_204' title='bbox 633 1791 814 1832; x_wconf 87' lang='lat' dir='ltr'>militem</span> <span class='ocrx_word' id='word_1_205' title='bbox 842 1791 1027 1846; x_wconf 77' lang='lat' dir='ltr'>gerebat,</span> <span class='ocrx_word' id='word_1_206' title='bbox 1059 1791 1180 1833; x_wconf 88' lang='lat' dir='ltr'>illum</span> <span class='ocrx_word' id='word_1_207' title='bbox 1207 1792 1472 1833; x_wconf 86' lang='lat' dir='ltr'>succinctum</span> 
     </span>
    </p>
   </div>
   <div class='ocr_carea' id='block_1_13' title="bbox 127 1952 1475 2376">
    <p class='ocr_par' dir='ltr' id='par_1_14' title="bbox 127 1952 1475 2376">
     <span class='ocr_line' id='line_1_40' title="bbox 247 1952 1471 2000; baseline 0.002 -14"><span class='ocrx_word' id='word_1_208' title='bbox 247 1956 264 1985; x_wconf 91' lang='lat'>1</span> <span class='ocrx_word' id='word_1_209' title='bbox 304 1953 350 1995; x_wconf 79' lang='lat' dir='ltr'>cf.</span> <span class='ocrx_word' id='word_1_210' title='bbox 386 1953 490 1987; x_wconf 72' lang='lat' dir='ltr'>Ouid.</span> <span class='ocrx_word' id='word_1_211' title='bbox 525 1952 613 1987; x_wconf 79' lang='lat' dir='ltr'>Met.</span> <span class='ocrx_word' id='word_1_212' title='bbox 645 1952 691 1988; x_wconf 87' lang='lat' dir='ltr'>H.</span> <span class='ocrx_word' id='word_1_213' title='bbox 718 1956 786 1987; x_wconf 83' lang='lat'>302</span> <span class='ocrx_word' id='word_1_214' title='bbox 914 1958 934 1987; x_wconf 98' lang='grc'>2</span> <span class='ocrx_word' id='word_1_215' title='bbox 974 1965 1101 1988; x_wconf 85' lang='lat' dir='ltr'>somno</span> <span class='ocrx_word' id='word_1_216' title='bbox 1140 1955 1168 1988; x_wconf 82' lang='lat' dir='ltr'><strong>F</strong></span> <span class='ocrx_word' id='word_1_217' title='bbox 1219 1966 1372 2000; x_wconf 86' lang='lat' dir='ltr'>sompno</span> <span class='ocrx_word' id='word_1_218' title='bbox 1411 1956 1471 1999; x_wconf 83' lang='grc' dir='ltr'><em>φὸ</em></span> 
     </span>
     <span class='ocr_line' id='line_1_41' title="bbox 127 2000 1472 2047; baseline 0.001 -14"><span class='ocrx_word' id='word_1_219' title='bbox 127 2010 270 2033; x_wconf 89' lang='lat' dir='ltr'>summo</span> <span class='ocrx_word' id='word_1_220' title='bbox 295 2000 335 2034; x_wconf 89' lang='lat' dir='ltr'>E.</span> <span class='ocrx_word' id='word_1_221' title='bbox 434 2004 454 2033; x_wconf 90' lang='lat'><strong>3</strong></span> <span class='ocrx_word' id='word_1_222' title='bbox 478 2010 618 2044; x_wconf 86' lang='lat' dir='ltr'>pauore</span> <span class='ocrx_word' id='word_1_223' title='bbox 644 2002 682 2034; x_wconf 88' lang='lat' dir='ltr'>et</span> <span class='ocrx_word' id='word_1_224' title='bbox 707 2002 857 2045; x_wconf 85' lang='lat' dir='ltr'>stupore</span> <span class='ocrx_word' id='word_1_225' title='bbox 885 2012 927 2035; x_wconf 87' lang='lat' dir='ltr'>ac</span> <span class='ocrx_word' id='word_1_226' title='bbox 955 2001 1041 2035; x_wconf 86' lang='lat' dir='ltr'>dein</span> <span class='ocrx_word' id='word_1_227' title='bbox 1067 2001 1207 2046; x_wconf 86' lang='lat' dir='ltr'>gaudio</span> <span class='ocrx_word' id='word_1_228' title='bbox 1232 2004 1363 2047; x_wconf 75' lang='lat' dir='ltr'>scripsi</span> <span class='ocrx_word' id='word_1_229' title='bbox 1395 2005 1472 2036; x_wconf 86' lang='lat' dir='ltr'>stu-</span> 
     </span>
     <span class='ocr_line' id='line_1_42' title="bbox 127 2046 1470 2094; baseline 0.002 -15"><span class='ocrx_word' id='word_1_230' title='bbox 127 2057 216 2090; x_wconf 88' lang='lat' dir='ltr'>pore</span> <span class='ocrx_word' id='word_1_231' title='bbox 243 2046 347 2081; x_wconf 75' lang='lat' dir='ltr'>O&#39;orn.</span> <span class='ocrx_word' id='word_1_232' title='bbox 374 2048 418 2090; x_wconf 78' lang='lat' dir='ltr'>cf.</span> <span class='ocrx_word' id='word_1_233' title='bbox 447 2051 525 2081; x_wconf 76' lang='lat'><strong>213.</strong></span> <span class='ocrx_word' id='word_1_234' title='bbox 549 2051 591 2081; x_wconf 92' lang='lat'>10</span> <span class='ocrx_word' id='word_1_235' title='bbox 618 2052 650 2081; x_wconf 78' lang='lat' dir='ltr'>et</span> <span class='ocrx_word' id='word_1_236' title='bbox 677 2051 755 2082; x_wconf 82' lang='lat'>167.</span> <span class='ocrx_word' id='word_1_237' title='bbox 779 2052 839 2092; x_wconf 77' lang='lat'>193</span> <span class='ocrx_word' id='word_1_238' title='bbox 868 2052 945 2083; x_wconf 82' lang='lat'>179.</span> <span class='ocrx_word' id='word_1_239' title='bbox 967 2054 987 2083; x_wconf 88' lang='lat'><strong>3</strong></span> <span class='ocrx_word' id='word_1_240' title='bbox 1030 2060 1169 2093; x_wconf 88' lang='lat' dir='ltr'>pauore</span> <span class='ocrx_word' id='word_1_241' title='bbox 1196 2051 1234 2084; x_wconf 89' lang='lat' dir='ltr'>et</span> <span class='ocrx_word' id='word_1_242' title='bbox 1261 2049 1401 2094; x_wconf 81' lang='lat' dir='ltr'>gauch&#39;o</span> <span class='ocrx_word' id='word_1_243' title='bbox 1428 2060 1470 2083; x_wconf 88' lang='lat' dir='ltr'>ac</span> 
     </span>
     <span class='ocr_line' id='line_1_43' title="bbox 130 2093 1472 2141; baseline 0.002 -15"><span class='ocrx_word' id='word_1_244' title='bbox 130 2093 217 2127; x_wconf 85' lang='lat' dir='ltr'>dein</span> <span class='ocrx_word' id='word_1_245' title='bbox 241 2094 373 2129; x_wconf 87' lang='lat' dir='ltr'>sudore</span> <span class='ocrx_word' id='word_1_246' title='bbox 399 2095 477 2129; x_wconf 80' lang='lat' dir='ltr'>cdd.</span> <span class='ocrx_word' id='word_1_247' title='bbox 505 2094 544 2128; x_wconf 81' lang='lat' dir='ltr'>E.</span> <span class='ocrx_word' id='word_1_248' title='bbox 643 2098 663 2128; x_wconf 88' lang='grc'>8</span> <span class='ocrx_word' id='word_1_249' title='bbox 696 2096 734 2129; x_wconf 87' lang='lat' dir='ltr'>et</span> <span class='ocrx_word' id='word_1_250' title='bbox 759 2106 825 2129; x_wconf 86' lang='lat' dir='ltr'>om.</span> <span class='ocrx_word' id='word_1_251' title='bbox 853 2109 880 2139; x_wconf 84' lang='grc' dir='ltr'>φ</span> <span class='ocrx_word' id='word_1_252' title='bbox 980 2100 1000 2130; x_wconf 88' lang='grc'><strong>9</strong></span> <span class='ocrx_word' id='word_1_253' title='bbox 1027 2096 1196 2131; x_wconf 86' lang='lat' dir='ltr'>turbelae</span> <span class='ocrx_word' id='word_1_254' title='bbox 1221 2097 1351 2141; x_wconf 73' lang='lat' dir='ltr'>scripsi</span> <span class='ocrx_word' id='word_1_255' title='bbox 1395 2098 1472 2129; x_wconf 80' lang='lat' dir='ltr'>tur-</span> 
     </span>
     <span class='ocr_line' id='line_1_44' title="bbox 131 2139 1474 2187; baseline 0.002 -14"><span class='ocrx_word' id='word_1_256' title='bbox 131 2139 244 2174; x_wconf 84' lang='lat' dir='ltr'>bulae</span> <span class='ocrx_word' id='word_1_257' title='bbox 269 2143 347 2178; x_wconf 81' lang='lat' dir='ltr'>cdd.</span> <span class='ocrx_word' id='word_1_258' title='bbox 374 2143 419 2185; x_wconf 84' lang='lat' dir='ltr'>cf.</span> <span class='ocrx_word' id='word_1_259' title='bbox 440 2143 489 2176; x_wconf 78' lang='lat' dir='ltr'>ad</span> <span class='ocrx_word' id='word_1_260' title='bbox 515 2145 592 2176; x_wconf 80' lang='grc'>251,</span> <span class='ocrx_word' id='word_1_261' title='bbox 608 2145 652 2175; x_wconf 85' lang='grc'>25</span> <span class='ocrx_word' id='word_1_262' title='bbox 673 2143 719 2186; x_wconf 77' lang='lat' dir='ltr'>(h.</span> <span class='ocrx_word' id='word_1_263' title='bbox 735 2144 777 2187; x_wconf 88' lang='lat' dir='ltr'>e.)</span> <span class='ocrx_word' id='word_1_264' title='bbox 858 2147 899 2176; x_wconf 89' lang='lat'>11</span> <span class='ocrx_word' id='word_1_265' title='bbox 928 2143 1178 2178; x_wconf 84' lang='lat' dir='ltr'>cuiuscemodi</span> <span class='ocrx_word' id='word_1_266' title='bbox 1204 2144 1269 2186; x_wconf 77' lang='lat' dir='ltr'>Fq&gt;</span> <span class='ocrx_word' id='word_1_267' title='bbox 1302 2143 1474 2177; x_wconf 85' lang='lat' dir='ltr'>huiusce-</span> 
     </span>
     <span class='ocr_line' id='line_1_45' title="bbox 131 2187 1473 2233; baseline 0.002 -13"><span class='ocrx_word' id='word_1_268' title='bbox 131 2187 233 2221; x_wconf 88' lang='lat' dir='ltr'>modi</span> <span class='ocrx_word' id='word_1_269' title='bbox 259 2189 280 2221; x_wconf 84' lang='grc' dir='ltr'><em>δ</em></span> <span class='ocrx_word' id='word_1_270' title='bbox 312 2188 489 2233; x_wconf 85' lang='lat' dir='ltr'>cuiusque</span> <span class='ocrx_word' id='word_1_271' title='bbox 514 2188 616 2223; x_wconf 86' lang='lat' dir='ltr'>modi</span> <span class='ocrx_word' id='word_1_272' title='bbox 642 2189 682 2223; x_wconf 91' lang='lat' dir='ltr'>E.</span> <span class='ocrx_word' id='word_1_273' title='bbox 782 2193 823 2224; x_wconf 89' lang='grc'>19</span> <span class='ocrx_word' id='word_1_274' title='bbox 850 2192 1026 2225; x_wconf 87' lang='lat' dir='ltr'>contenta</span> <span class='ocrx_word' id='word_1_275' title='bbox 1052 2195 1070 2225; x_wconf 74' lang='grc' dir='ltr'>ἐ</span> <span class='ocrx_word' id='word_1_276' title='bbox 1097 2191 1205 2225; x_wconf 82' lang='lat' dir='ltr'>eriles</span> <span class='ocrx_word' id='word_1_277' title='bbox 1232 2191 1259 2224; x_wconf 88' lang='lat' dir='ltr'><strong>F</strong></span> <span class='ocrx_word' id='word_1_278' title='bbox 1296 2191 1473 2224; x_wconf 85' lang='lat' dir='ltr'>contenta</span> 
     </span>
     <span class='ocr_line' id='line_1_46' title="bbox 133 2233 1472 2282; baseline 0.002 -15"><span class='ocrx_word' id='word_1_279' title='bbox 133 2239 151 2268; x_wconf 74' lang='lat' dir='ltr'>e</span> <span class='ocrx_word' id='word_1_280' title='bbox 177 2233 311 2269; x_wconf 86' lang='lat' dir='ltr'>heriles</span> <span class='ocrx_word' id='word_1_281' title='bbox 333 2249 359 2280; x_wconf 86' lang='grc' dir='ltr'>φ</span> <span class='ocrx_word' id='word_1_282' title='bbox 387 2238 442 2281; x_wconf 72' lang='lat' dir='ltr'>(in</span> <span class='ocrx_word' id='word_1_283' title='bbox 460 2248 527 2282; x_wconf 77' lang='lat' dir='ltr'>my.</span> <span class='ocrx_word' id='word_1_284' title='bbox 545 2247 574 2271; x_wconf 84' lang='lat' dir='ltr'>c.</span> <span class='ocrx_word' id='word_1_285' title='bbox 591 2237 638 2280; x_wconf 88' lang='lat' dir='ltr'>st)</span> <span class='ocrx_word' id='word_1_286' title='bbox 713 2240 758 2270; x_wconf 88' lang='lat'>20</span> <span class='ocrx_word' id='word_1_287' title='bbox 781 2236 940 2271; x_wconf 86' lang='lat' dir='ltr'>filiorum</span> <span class='ocrx_word' id='word_1_288' title='bbox 960 2238 1023 2282; x_wconf 67' lang='lat' dir='ltr'><em>qu</em></span> <span class='ocrx_word' id='word_1_289' title='bbox 1098 2242 1142 2272; x_wconf 71' lang='lat'>24</span> <span class='ocrx_word' id='word_1_290' title='bbox 1162 2238 1303 2271; x_wconf 86' lang='lat' dir='ltr'>nudum</span> <span class='ocrx_word' id='word_1_291' title='bbox 1323 2238 1472 2271; x_wconf 86' lang='lat' dir='ltr'>sudum-</span> 
     </span>
     <span class='ocr_line' id='line_1_47' title="bbox 132 2283 1475 2329; baseline 0.001 -13"><span class='ocrx_word' id='word_1_292' title='bbox 132 2292 204 2324; x_wconf 86' lang='lat' dir='ltr'>que</span> <span class='ocrx_word' id='word_1_293' title='bbox 228 2283 357 2327; x_wconf 77' lang='lat' dir='ltr'>scripsi</span> <span class='ocrx_word' id='word_1_294' title='bbox 389 2284 489 2317; x_wconf 87' lang='lat' dir='ltr'>nudo</span> <span class='ocrx_word' id='word_1_295' title='bbox 511 2283 676 2327; x_wconf 81' lang='lat' dir='ltr'>sudoque</span> <span class='ocrx_word' id='word_1_296' title='bbox 696 2285 774 2318; x_wconf 79' lang='lat' dir='ltr'>cdd.</span> <span class='ocrx_word' id='word_1_297' title='bbox 801 2286 845 2328; x_wconf 78' lang='lat' dir='ltr'>cf.</span> <span class='ocrx_word' id='word_1_298' title='bbox 861 2285 1037 2329; x_wconf 76' lang='lat' dir='ltr'>Apol.23.</span> <span class='ocrx_word' id='word_1_299' title='bbox 1055 2289 1095 2319; x_wconf 88' lang='lat'>11</span> <span class='ocrx_word' id='word_1_300' title='bbox 1125 2285 1222 2329; x_wconf 61' lang='grc' dir='ltr'>(ΚΤ.)</span> <span class='ocrx_word' id='word_1_301' title='bbox 1298 2289 1340 2318; x_wconf 87' lang='grc'>26</span> <span class='ocrx_word' id='word_1_302' title='bbox 1366 2295 1475 2329; x_wconf 87' lang='lat' dir='ltr'>prae-</span> 
     </span>
     <span class='ocr_line' id='line_1_48' title="bbox 133 2328 901 2376; baseline 0.005 -14"><span class='ocrx_word' id='word_1_303' title='bbox 133 2328 271 2362; x_wconf 79' lang='lat' dir='ltr'>cedunt</span> <span class='ocrx_word' id='word_1_304' title='bbox 295 2329 362 2372; x_wconf 77' lang='lat' dir='ltr'><em>qu</em></span> <span class='ocrx_word' id='word_1_305' title='bbox 387 2332 431 2374; x_wconf 78' lang='lat' dir='ltr'>cf.</span> <span class='ocrx_word' id='word_1_306' title='bbox 455 2334 522 2365; x_wconf 68' lang='grc'>28</span> <span class='ocrx_word' id='word_1_307' title='bbox 620 2334 664 2364; x_wconf 79' lang='grc'>27</span> <span class='ocrx_word' id='word_1_308' title='bbox 690 2330 809 2375; x_wconf 78' lang='lat' dir='ltr'>uotib3</span> <span class='ocrx_word' id='word_1_309' title='bbox 835 2332 901 2376; x_wconf 74' lang='lat' dir='ltr'>Fq&gt;</span> 
     </span>
    </p>
   </div>
   <div class='ocr_carea' id='block_1_14' title="bbox 203 2395 1189 2424">
    <p class='ocr_par' dir='ltr' id='par_1_15' title="bbox 203 2395 1189 2424">
     <span class='ocr_line' id='line_1_49' title="bbox 203 2395 1189 2424; baseline 0.005 -5"><span class='ocrx_word' id='word_1_310' title='bbox 203 2395 329 2420; x_wconf 70' lang='lat' dir='ltr'>APVLEI</span> <span class='ocrx_word' id='word_1_311' title='bbox 348 2403 468 2422; x_wconf 76' lang='lat' dir='ltr'>METAM.</span> <span class='ocrx_word' id='word_1_312' title='bbox 489 2396 534 2422; x_wconf 84' lang='lat' dir='ltr'>ed.</span> <span class='ocrx_word' id='word_1_313' title='bbox 554 2397 660 2422; x_wconf 83' lang='lat' dir='ltr'>Vliet</span> <span class='ocrx_word' id='word_1_314' title='bbox 1147 2395 1189 2424; x_wconf 84' lang='grc'>17</span> 
     </span>
    </p>
   </div>
  </div>
 </body>
</html>
