<?xml version="1.0" encoding="UTF-8"?>
<!DOCTYPE html PUBLIC "-//W3C//DTD XHTML 1.0 Transitional//EN"
    "http://www.w3.org/TR/xhtml1/DTD/xhtml1-transitional.dtd">
<html xmlns="http://www.w3.org/1999/xhtml" xml:lang="en" lang="en">
 <head>
  <title>
</title>
<meta http-equiv="Content-Type" content="text/html;charset=utf-8" />
  <meta name='ocr-system' content='tesseract 3.04.00' />
  <meta name='ocr-capabilities' content='ocr_page ocr_carea ocr_par ocr_line ocrx_word'/>
</head>
<body>
  <div class='ocr_page' id='page_1' title='image "./metamorphoseonli00apuluoft/metamorphoseonli00apuluoft_0198.png"; bbox 0 0 1591 2556; ppageno 0'>
   <div class='ocr_carea' id='block_1_1' title="bbox 120 84 901 124">
    <p class='ocr_par' dir='ltr' id='par_1_1' title="bbox 120 84 901 124">
     <span class='ocr_line' id='line_1_1' title="bbox 120 84 901 124; baseline -0.005 0"><span class='ocrx_word' id='word_1_1' title='bbox 120 84 205 124; x_wconf 75' lang='grc'>162</span> <span class='ocrx_word' id='word_1_2' title='bbox 679 85 807 120; x_wconf 82' lang='lat' dir='ltr'><strong>LIBRI</strong></span> <span class='ocrx_word' id='word_1_3' title='bbox 832 86 901 121; x_wconf 87' lang='lat' dir='ltr'>VII</span> 
     </span>
    </p>
   </div>
   <div class='ocr_carea' id='block_1_2' title="bbox 115 181 1523 1953">
    <p class='ocr_par' dir='ltr' id='par_1_2' title="bbox 115 181 1523 1953">
     <span class='ocr_line' id='line_1_2' title="bbox 118 181 1465 237; baseline 0.004 -16"><span class='ocrx_word' id='word_1_4' title='bbox 118 181 462 236; x_wconf 87' lang='lat' dir='ltr'>profundumque</span> <span class='ocrx_word' id='word_1_5' title='bbox 501 185 693 223; x_wconf 88' lang='lat' dir='ltr'>uentrem</span> <span class='ocrx_word' id='word_1_6' title='bbox 726 197 893 237; x_wconf 78' lang='lat' dir='ltr'>semper</span> <span class='ocrx_word' id='word_1_7' title='bbox 923 183 1115 225; x_wconf 89' lang='lat' dir='ltr'>esitando</span> <span class='ocrx_word' id='word_1_8' title='bbox 1149 184 1351 226; x_wconf 89' lang='lat' dir='ltr'>distendit</span> <span class='ocrx_word' id='word_1_9' title='bbox 1388 201 1465 227; x_wconf 85' lang='lat' dir='ltr'>nec</span> 
     </span>
     <span class='ocr_line' id='line_1_3' title="bbox 121 241 1464 286; baseline 0.004 -6"><span class='ocrx_word' id='word_1_10' title='bbox 121 255 345 281; x_wconf 87' lang='lat' dir='ltr'>aerumnae</span> <span class='ocrx_word' id='word_1_11' title='bbox 383 255 499 281; x_wconf 88' lang='lat' dir='ltr'>meae</span> <span class='ocrx_word' id='word_1_12' title='bbox 531 241 757 282; x_wconf 87' lang='lat' dir='ltr'>miseretur</span> <span class='ocrx_word' id='word_1_13' title='bbox 788 242 857 283; x_wconf 91' lang='lat' dir='ltr'>uel</span> <span class='ocrx_word' id='word_1_14' title='bbox 889 242 1183 284; x_wconf 85' lang='lat' dir='ltr'>detestabilem</span> <span class='ocrx_word' id='word_1_15' title='bbox 1223 258 1366 285; x_wconf 85' lang='lat' dir='ltr'>casum</span> <span class='ocrx_word' id='word_1_16' title='bbox 1399 245 1464 286; x_wconf 91' lang='lat' dir='ltr'>de-</span> 
     </span>
     <span class='ocr_line' id='line_1_4' title="bbox 120 299 1464 355; baseline 0.004 -15"><span class='ocrx_word' id='word_1_17' title='bbox 120 299 257 340; x_wconf 85' lang='lat' dir='ltr'>functi</span> <span class='ocrx_word' id='word_1_18' title='bbox 299 300 494 354; x_wconf 87' lang='lat' dir='ltr'>magistri</span> <span class='ocrx_word' id='word_1_19' title='bbox 536 300 799 355; x_wconf 85' lang='lat' dir='ltr'>recordatur,</span> <span class='ocrx_word' id='word_1_20' title='bbox 837 301 910 342; x_wconf 90' lang='lat' dir='ltr'>sed</span> <span class='ocrx_word' id='word_1_21' title='bbox 948 301 1111 342; x_wconf 88' lang='lat' dir='ltr'>scilicet</span> <span class='ocrx_word' id='word_1_22' title='bbox 1152 305 1363 344; x_wconf 83' lang='lat' dir='ltr'>senectam</span> <span class='ocrx_word' id='word_1_23' title='bbox 1405 304 1464 345; x_wconf 89' lang='lat' dir='ltr'>in-</span> 
     </span>
     <span class='ocr_line' id='line_1_5' title="bbox 118 359 1464 416; baseline 0.004 -18"><span class='ocrx_word' id='word_1_24' title='bbox 118 359 450 413; x_wconf 87' lang='lat' dir='ltr'>firmitatemque</span> <span class='ocrx_word' id='word_1_25' title='bbox 489 374 625 399; x_wconf 84' lang='lat' dir='ltr'>meam</span> <span class='ocrx_word' id='word_1_26' title='bbox 659 361 893 400; x_wconf 71' lang='lat' dir='ltr'>contemnit</span> <span class='ocrx_word' id='word_1_27' title='bbox 925 375 972 402; x_wconf 84' lang='lat' dir='ltr'>ac</span> <span class='ocrx_word' id='word_1_28' title='bbox 1004 361 1182 415; x_wconf 82' lang='lat' dir='ltr'>despicit</span> <span class='ocrx_word' id='word_1_29' title='bbox 1214 364 1256 403; x_wconf 88' lang='lat' dir='ltr'>et</span> <span class='ocrx_word' id='word_1_30' title='bbox 1292 362 1464 416; x_wconf 89' lang='lat' dir='ltr'>impune</span> 
     </span>
     <span class='ocr_line' id='line_1_6' title="bbox 120 418 1518 475; baseline 0.005 -18"><span class='ocrx_word' id='word_1_31' title='bbox 120 433 163 458; x_wconf 84' lang='lat' dir='ltr'>se</span> <span class='ocrx_word' id='word_1_32' title='bbox 195 418 381 459; x_wconf 88' lang='lat' dir='ltr'>laturum</span> <span class='ocrx_word' id='word_1_33' title='bbox 415 421 581 458; x_wconf 85' lang='lat' dir='ltr'>tantum</span> <span class='ocrx_word' id='word_1_34' title='bbox 609 418 745 459; x_wconf 87' lang='lat' dir='ltr'>scelus</span> <span class='ocrx_word' id='word_1_35' title='bbox 771 419 914 460; x_wconf 88' lang='lat' dir='ltr'>credit.</span> <span class='ocrx_word' id='word_1_36' title='bbox 954 422 997 460; x_wconf 88' lang='lat' dir='ltr'>at</span> <span class='ocrx_word' id='word_1_37' title='bbox 1022 422 1252 475; x_wconf 90' lang='lat' dir='ltr'>utcumque</span> <span class='ocrx_word' id='word_1_38' title='bbox 1278 436 1322 462; x_wconf 90' lang='lat' dir='ltr'>se</span> <span class='ocrx_word' id='word_1_39' title='bbox 1348 437 1464 475; x_wconf 89' lang='lat' dir='ltr'>prae-</span> <span class='ocrx_word' id='word_1_40' title='bbox 1502 440 1518 466; x_wconf 89' lang='lat'><strong>5</strong></span> 
     </span>
     <span class='ocr_line' id='line_1_7' title="bbox 119 477 1465 533; baseline 0.003 -15"><span class='ocrx_word' id='word_1_41' title='bbox 119 477 252 518; x_wconf 87' lang='lat' dir='ltr'>sumit</span> <span class='ocrx_word' id='word_1_42' title='bbox 283 477 562 518; x_wconf 70' lang='lat' dir='ltr'>innocentem.</span> <span class='ocrx_word' id='word_1_43' title='bbox 614 480 679 517; x_wconf 90' lang='lat' dir='ltr'>est</span> <span class='ocrx_word' id='word_1_44' title='bbox 708 478 819 518; x_wconf 90' lang='lat' dir='ltr'>enim</span> <span class='ocrx_word' id='word_1_45' title='bbox 847 492 1083 533; x_wconf 80' lang='lat' dir='ltr'>congruens</span> <span class='ocrx_word' id='word_1_46' title='bbox 1115 480 1312 533; x_wconf 87' lang='lat' dir='ltr'>pessimis</span> <span class='ocrx_word' id='word_1_47' title='bbox 1345 495 1465 522; x_wconf 89' lang='lat' dir='ltr'>cona-</span> 
     </span>
     <span class='ocr_line' id='line_1_8' title="bbox 119 536 1464 591; baseline 0.004 -15"><span class='ocrx_word' id='word_1_48' title='bbox 119 536 234 577; x_wconf 83' lang='lat' dir='ltr'>tibus</span> <span class='ocrx_word' id='word_1_49' title='bbox 274 539 421 577; x_wconf 86' lang='lat' dir='ltr'>contra</span> <span class='ocrx_word' id='word_1_50' title='bbox 458 536 630 576; x_wconf 79' lang='lat' dir='ltr'>noxiam</span> <span class='ocrx_word' id='word_1_51' title='bbox 663 538 964 578; x_wconf 79' lang='lat' dir='ltr'>conscientiam</span> <span class='ocrx_word' id='word_1_52' title='bbox 995 552 1150 591; x_wconf 69' lang='lat' dir='ltr'>parare</span> <span class='ocrx_word' id='word_1_53' title='bbox 1183 540 1464 581; x_wconf 88' lang='lat' dir='ltr'>securitatem.</span> 
     </span>
     <span class='ocr_line' id='line_1_9' title="bbox 117 595 1465 653; baseline 0.004 -18"><span class='ocrx_word' id='word_1_54' title='bbox 117 611 215 636; x_wconf 90' lang='lat' dir='ltr'>nam</span> <span class='ocrx_word' id='word_1_55' title='bbox 248 610 325 649; x_wconf 88' lang='lat' dir='ltr'>pro</span> <span class='ocrx_word' id='word_1_56' title='bbox 353 595 477 636; x_wconf 91' lang='lat' dir='ltr'>deum</span> <span class='ocrx_word' id='word_1_57' title='bbox 509 595 649 649; x_wconf 91' lang='lat' dir='ltr'>fidem,</span> <span class='ocrx_word' id='word_1_58' title='bbox 682 597 921 650; x_wconf 78' lang='lat' dir='ltr'>quadrupes</span> <span class='ocrx_word' id='word_1_59' title='bbox 947 598 1218 652; x_wconf 80' lang='lat' dir='ltr'>nequissime,</span> <span class='ocrx_word' id='word_1_60' title='bbox 1250 598 1350 639; x_wconf 87' lang='lat' dir='ltr'>licet</span> <span class='ocrx_word' id='word_1_61' title='bbox 1374 614 1465 653; x_wconf 86' lang='lat' dir='ltr'>pre-</span> 
     </span>
     <span class='ocr_line' id='line_1_10' title="bbox 119 654 1465 712; baseline 0.004 -18"><span class='ocrx_word' id='word_1_62' title='bbox 119 655 274 695; x_wconf 79' lang='lat' dir='ltr'>cariam</span> <span class='ocrx_word' id='word_1_63' title='bbox 307 654 425 695; x_wconf 91' lang='lat' dir='ltr'>uocis</span> <span class='ocrx_word' id='word_1_64' title='bbox 458 669 631 695; x_wconf 87' lang='lat' dir='ltr'>usuram</span> <span class='ocrx_word' id='word_1_65' title='bbox 663 669 864 709; x_wconf 81' lang='lat' dir='ltr'>sumeres,</span> <span class='ocrx_word' id='word_1_66' title='bbox 896 657 963 697; x_wconf 92' lang='lat' dir='ltr'>cui</span> <span class='ocrx_word' id='word_1_67' title='bbox 995 657 1165 698; x_wconf 89' lang='lat' dir='ltr'>tandem</span> <span class='ocrx_word' id='word_1_68' title='bbox 1198 657 1267 698; x_wconf 93' lang='lat' dir='ltr'>uel</span> <span class='ocrx_word' id='word_1_69' title='bbox 1292 657 1465 712; x_wconf 88' lang='lat' dir='ltr'>ineptis-</span> 
     </span>
     <span class='ocr_line' id='line_1_11' title="bbox 118 713 1521 771; baseline 0.004 -17"><span class='ocrx_word' id='word_1_70' title='bbox 118 714 225 755; x_wconf 90' lang='lat' dir='ltr'>simo</span> <span class='ocrx_word' id='word_1_71' title='bbox 264 714 516 768; x_wconf 88' lang='lat' dir='ltr'>persuadere</span> <span class='ocrx_word' id='word_1_72' title='bbox 548 713 686 767; x_wconf 86' lang='lat' dir='ltr'>possis</span> <span class='ocrx_word' id='word_1_73' title='bbox 720 715 986 756; x_wconf 86' lang='lat' dir='ltr'>atrocitatem</span> <span class='ocrx_word' id='word_1_74' title='bbox 1025 716 1151 756; x_wconf 89' lang='lat' dir='ltr'>istam</span> <span class='ocrx_word' id='word_1_75' title='bbox 1183 716 1310 771; x_wconf 74' lang='lat' dir='ltr'>&lt;tua&gt;</span> <span class='ocrx_word' id='word_1_76' title='bbox 1342 717 1466 771; x_wconf 87' lang='lat' dir='ltr'>culpa</span> <span class='ocrx_word' id='word_1_77' title='bbox 1486 736 1521 761; x_wconf 81' lang='grc' dir='ltr'>ιο</span> 
     </span>
     <span class='ocr_line' id='line_1_12' title="bbox 118 774 1466 827; baseline 0.002 -13"><span class='ocrx_word' id='word_1_78' title='bbox 118 788 278 827; x_wconf 86' lang='lat' dir='ltr'>carere,</span> <span class='ocrx_word' id='word_1_79' title='bbox 319 788 413 814; x_wconf 87' lang='lat' dir='ltr'>cum</span> <span class='ocrx_word' id='word_1_80' title='bbox 455 786 724 827; x_wconf 79' lang='lat' dir='ltr'>propugnare</span> <span class='ocrx_word' id='word_1_81' title='bbox 765 774 944 827; x_wconf 87' lang='lat' dir='ltr'>pedibus</span> <span class='ocrx_word' id='word_1_82' title='bbox 986 777 1028 816; x_wconf 89' lang='lat' dir='ltr'>et</span> <span class='ocrx_word' id='word_1_83' title='bbox 1072 790 1211 817; x_wconf 87' lang='lat' dir='ltr'>arcere</span> <span class='ocrx_word' id='word_1_84' title='bbox 1252 776 1466 817; x_wconf 87' lang='lat' dir='ltr'>morsibus</span> 
     </span>
     <span class='ocr_line' id='line_1_13' title="bbox 119 832 1466 889; baseline 0.002 -16"><span class='ocrx_word' id='word_1_85' title='bbox 119 832 287 873; x_wconf 91' lang='lat' dir='ltr'>misello</span> <span class='ocrx_word' id='word_1_86' title='bbox 320 847 451 886; x_wconf 87' lang='lat' dir='ltr'>puero</span> <span class='ocrx_word' id='word_1_87' title='bbox 484 832 703 886; x_wconf 70' lang='lat' dir='ltr'>potueris?</span> <span class='ocrx_word' id='word_1_88' title='bbox 746 848 798 873; x_wconf 87' lang='lat' dir='ltr'>an</span> <span class='ocrx_word' id='word_1_89' title='bbox 830 833 969 887; x_wconf 87' lang='lat' dir='ltr'>ipsum</span> <span class='ocrx_word' id='word_1_90' title='bbox 1003 834 1173 888; x_wconf 91' lang='lat' dir='ltr'>quidem</span> <span class='ocrx_word' id='word_1_91' title='bbox 1207 835 1375 889; x_wconf 88' lang='lat' dir='ltr'>saepius</span> <span class='ocrx_word' id='word_1_92' title='bbox 1407 835 1466 876; x_wconf 91' lang='lat' dir='ltr'>in-</span> 
     </span>
     <span class='ocr_line' id='line_1_14' title="bbox 119 891 1467 945; baseline 0.002 -13"><span class='ocrx_word' id='word_1_93' title='bbox 119 906 289 933; x_wconf 84' lang='lat' dir='ltr'>cursare</span> <span class='ocrx_word' id='word_1_94' title='bbox 334 891 520 932; x_wconf 83' lang='lat' dir='ltr'>calcibus</span> <span class='ocrx_word' id='word_1_95' title='bbox 564 892 762 945; x_wconf 88' lang='lat' dir='ltr'>potuisti,</span> <span class='ocrx_word' id='word_1_96' title='bbox 806 893 1060 934; x_wconf 89' lang='lat' dir='ltr'>moriturum</span> <span class='ocrx_word' id='word_1_97' title='bbox 1105 908 1206 935; x_wconf 90' lang='lat' dir='ltr'>uero</span> <span class='ocrx_word' id='word_1_98' title='bbox 1246 894 1467 936; x_wconf 89' lang='lat' dir='ltr'>defendere</span> 
     </span>
     <span class='ocr_line' id='line_1_15' title="bbox 121 951 1467 1007; baseline 0.002 -16"><span class='ocrx_word' id='word_1_99' title='bbox 121 951 342 992; x_wconf 82' lang='lat' dir='ltr'>alacritate</span> <span class='ocrx_word' id='word_1_100' title='bbox 364 951 495 991; x_wconf 81' lang='lat' dir='ltr'>simili</span> <span class='ocrx_word' id='word_1_101' title='bbox 515 951 730 1004; x_wconf 73' lang='lat' dir='ltr'>nequisti?</span> <span class='ocrx_word' id='word_1_102' title='bbox 764 955 875 992; x_wconf 88' lang='lat' dir='ltr'>certe</span> <span class='ocrx_word' id='word_1_103' title='bbox 896 952 1021 993; x_wconf 87' lang='lat' dir='ltr'>dorso</span> <span class='ocrx_word' id='word_1_104' title='bbox 1042 956 1259 1007; x_wconf 90' lang='lat' dir='ltr'>receptum</span> <span class='ocrx_word' id='word_1_105' title='bbox 1280 953 1467 994; x_wconf 87' lang='lat' dir='ltr'>auferres</span> 
     </span>
     <span class='ocr_line' id='line_1_16' title="bbox 122 1009 1522 1066; baseline 0.004 -16"><span class='ocrx_word' id='word_1_106' title='bbox 122 1010 319 1064; x_wconf 84' lang='lat' dir='ltr'>protinus</span> <span class='ocrx_word' id='word_1_107' title='bbox 352 1012 394 1050; x_wconf 92' lang='lat' dir='ltr'>et</span> <span class='ocrx_word' id='word_1_108' title='bbox 432 1010 576 1050; x_wconf 85' lang='lat' dir='ltr'>infesti</span> <span class='ocrx_word' id='word_1_109' title='bbox 606 1009 785 1051; x_wconf 89' lang='lat' dir='ltr'>latronis</span> <span class='ocrx_word' id='word_1_110' title='bbox 818 1012 1003 1053; x_wconf 88' lang='lat' dir='ltr'>cruentis</span> <span class='ocrx_word' id='word_1_111' title='bbox 1044 1012 1240 1053; x_wconf 89' lang='lat' dir='ltr'>manibus</span> <span class='ocrx_word' id='word_1_112' title='bbox 1272 1013 1468 1066; x_wconf 81' lang='lat' dir='ltr'>eripereS,</span> <span class='ocrx_word' id='word_1_113' title='bbox 1489 1030 1522 1056; x_wconf 86' lang='lat'>15</span> 
     </span>
     <span class='ocr_line' id='line_1_17' title="bbox 116 1069 1467 1124; baseline 0.001 -14"><span class='ocrx_word' id='word_1_114' title='bbox 116 1072 382 1123; x_wconf 87' lang='lat' dir='ltr'>postremum</span> <span class='ocrx_word' id='word_1_115' title='bbox 413 1083 497 1110; x_wconf 70' lang='lat' dir='ltr'>mm</span> <span class='ocrx_word' id='word_1_116' title='bbox 528 1069 694 1109; x_wconf 80' lang='lat' dir='ltr'>deserto</span> <span class='ocrx_word' id='word_1_117' title='bbox 728 1069 1008 1124; x_wconf 73' lang='lat' dir='ltr'>derelictoque</span> <span class='ocrx_word' id='word_1_118' title='bbox 1040 1071 1114 1112; x_wconf 93' lang='lat' dir='ltr'>illo</span> <span class='ocrx_word' id='word_1_119' title='bbox 1148 1085 1350 1112; x_wconf 91' lang='lat' dir='ltr'>conseruo</span> <span class='ocrx_word' id='word_1_120' title='bbox 1383 1086 1467 1112; x_wconf 90' lang='lat' dir='ltr'>ma-</span> 
     </span>
     <span class='ocr_line' id='line_1_18' title="bbox 115 1128 1466 1185; baseline 0.001 -16"><span class='ocrx_word' id='word_1_121' title='bbox 115 1129 251 1183; x_wconf 86' lang='lat' dir='ltr'>gistro</span> <span class='ocrx_word' id='word_1_122' title='bbox 285 1128 439 1169; x_wconf 89' lang='lat' dir='ltr'>comite</span> <span class='ocrx_word' id='word_1_123' title='bbox 471 1130 641 1181; x_wconf 87' lang='lat' dir='ltr'>pastore</span> <span class='ocrx_word' id='word_1_124' title='bbox 675 1128 791 1169; x_wconf 88' lang='lat' dir='ltr'>solus</span> <span class='ocrx_word' id='word_1_125' title='bbox 824 1129 1060 1183; x_wconf 86' lang='lat' dir='ltr'>aufugeres.</span> <span class='ocrx_word' id='word_1_126' title='bbox 1107 1145 1159 1170; x_wconf 90' lang='lat' dir='ltr'>an</span> <span class='ocrx_word' id='word_1_127' title='bbox 1191 1130 1362 1185; x_wconf 87' lang='lat' dir='ltr'>ignoras</span> <span class='ocrx_word' id='word_1_128' title='bbox 1395 1145 1466 1171; x_wconf 91' lang='lat' dir='ltr'>eos</span> 
     </span>
     <span class='ocr_line' id='line_1_19' title="bbox 116 1187 1467 1244; baseline 0.001 -16"><span class='ocrx_word' id='word_1_129' title='bbox 116 1188 258 1241; x_wconf 86' lang='lat' dir='ltr'>etiam,</span> <span class='ocrx_word' id='word_1_130' title='bbox 280 1188 353 1241; x_wconf 89' lang='lat' dir='ltr'>qui</span> <span class='ocrx_word' id='word_1_131' title='bbox 379 1187 601 1228; x_wconf 89' lang='lat' dir='ltr'>morituris</span> <span class='ocrx_word' id='word_1_132' title='bbox 628 1187 835 1228; x_wconf 84' lang='lat' dir='ltr'>auxilium</span> <span class='ocrx_word' id='word_1_133' title='bbox 863 1188 1046 1230; x_wconf 88' lang='lat' dir='ltr'>salutare</span> <span class='ocrx_word' id='word_1_134' title='bbox 1068 1189 1328 1244; x_wconf 77' lang='lat' dir='ltr'>denegarint,</span> <span class='ocrx_word' id='word_1_135' title='bbox 1354 1190 1467 1244; x_wconf 89' lang='lat' dir='ltr'>quod</span> 
     </span>
     <span class='ocr_line' id='line_1_20' title="bbox 117 1246 1467 1303; baseline 0.001 -15"><span class='ocrx_word' id='word_1_136' title='bbox 117 1250 266 1288; x_wconf 87' lang='lat' dir='ltr'>contra</span> <span class='ocrx_word' id='word_1_137' title='bbox 302 1247 438 1287; x_wconf 85' lang='lat' dir='ltr'>bonos</span> <span class='ocrx_word' id='word_1_138' title='bbox 477 1261 616 1287; x_wconf 89' lang='lat' dir='ltr'>mores</span> <span class='ocrx_word' id='word_1_139' title='bbox 649 1246 693 1287; x_wconf 91' lang='lat' dir='ltr'>id</span> <span class='ocrx_word' id='word_1_140' title='bbox 723 1247 863 1300; x_wconf 91' lang='lat' dir='ltr'>ipsum</span> <span class='ocrx_word' id='word_1_141' title='bbox 896 1247 1091 1301; x_wconf 87' lang='lat' dir='ltr'>fecerint,</span> <span class='ocrx_word' id='word_1_142' title='bbox 1123 1248 1258 1289; x_wconf 86' lang='lat' dir='ltr'>solere</span> <span class='ocrx_word' id='word_1_143' title='bbox 1296 1249 1467 1303; x_wconf 81' lang='lat' dir='ltr'>puniri?</span> 
     </span>
     <span class='ocr_line' id='line_1_21' title="bbox 119 1305 1523 1361; baseline 0.003 -15"><span class='ocrx_word' id='word_1_144' title='bbox 119 1307 191 1347; x_wconf 88' lang='lat' dir='ltr'>sed</span> <span class='ocrx_word' id='word_1_145' title='bbox 236 1320 319 1346; x_wconf 87' lang='lat' dir='ltr'>non</span> <span class='ocrx_word' id='word_1_146' title='bbox 366 1305 527 1346; x_wconf 89' lang='lat' dir='ltr'>diutius</span> <span class='ocrx_word' id='word_1_147' title='bbox 571 1306 677 1346; x_wconf 92' lang='lat' dir='ltr'>meis</span> <span class='ocrx_word' id='word_1_148' title='bbox 721 1306 911 1347; x_wconf 83' lang='lat' dir='ltr'>cladibus</span> <span class='ocrx_word' id='word_1_149' title='bbox 958 1307 1200 1361; x_wconf 86' lang='lat' dir='ltr'>laetaberis,</span> <span class='ocrx_word' id='word_1_150' title='bbox 1243 1307 1466 1349; x_wconf 89' lang='lat' dir='ltr'>homicida.</span> <span class='ocrx_word' id='word_1_151' title='bbox 1487 1327 1523 1352; x_wconf 81' lang='lat'>20</span> 
     </span>
     <span class='ocr_line' id='line_1_22' title="bbox 118 1365 1467 1408; baseline 0.002 -3"><span class='ocrx_word' id='word_1_152' title='bbox 118 1365 281 1406; x_wconf 78' lang='lat' dir='ltr'>sentias</span> <span class='ocrx_word' id='word_1_153' title='bbox 321 1365 501 1406; x_wconf 81' lang='lat' dir='ltr'>efficiam</span> <span class='ocrx_word' id='word_1_154' title='bbox 542 1365 696 1405; x_wconf 89' lang='lat' dir='ltr'>misero</span> <span class='ocrx_word' id='word_1_155' title='bbox 736 1365 871 1406; x_wconf 88' lang='lat' dir='ltr'>dolori</span> <span class='ocrx_word' id='word_1_156' title='bbox 909 1366 1123 1407; x_wconf 82' lang='lat' dir='ltr'>naturales</span> <span class='ocrx_word' id='word_1_157' title='bbox 1155 1367 1267 1408; x_wconf 90' lang='lat' dir='ltr'>uires</span> <span class='ocrx_word' id='word_1_158' title='bbox 1305 1367 1467 1408; x_wconf 86' lang='lat' dir='ltr'>adesse&#39;</span> 
     </span>
     <span class='ocr_line' id='line_1_23' title="bbox 118 1423 1465 1467; baseline 0.002 -3"><span class='ocrx_word' id='word_1_159' title='bbox 118 1423 319 1465; x_wconf 85' lang='lat' dir='ltr'>XXVIII.</span> <span class='ocrx_word' id='word_1_160' title='bbox 353 1427 394 1465; x_wconf 87' lang='lat' dir='ltr'>et</span> <span class='ocrx_word' id='word_1_161' title='bbox 421 1439 516 1465; x_wconf 89' lang='lat' dir='ltr'>cum</span> <span class='ocrx_word' id='word_1_162' title='bbox 544 1424 656 1464; x_wconf 87' lang='lat' dir='ltr'>dicto</span> <span class='ocrx_word' id='word_1_163' title='bbox 684 1424 890 1466; x_wconf 87' lang='lat' dir='ltr'>subsertis</span> <span class='ocrx_word' id='word_1_164' title='bbox 916 1425 1112 1466; x_wconf 86' lang='lat' dir='ltr'>manibus</span> <span class='ocrx_word' id='word_1_165' title='bbox 1137 1425 1320 1467; x_wconf 83' lang='lat' dir='ltr'>exsoluit</span> <span class='ocrx_word' id='word_1_166' title='bbox 1346 1441 1465 1467; x_wconf 89' lang='lat' dir='ltr'>suam</span> 
     </span>
     <span class='ocr_line' id='line_1_24' title="bbox 117 1483 1464 1540; baseline 0.002 -17"><span class='ocrx_word' id='word_1_167' title='bbox 117 1484 200 1524; x_wconf 88' lang='lat' dir='ltr'>sibi</span> <span class='ocrx_word' id='word_1_168' title='bbox 238 1483 414 1524; x_wconf 84' lang='lat' dir='ltr'>fasciam</span> <span class='ocrx_word' id='word_1_169' title='bbox 452 1483 664 1537; x_wconf 86' lang='lat' dir='ltr'>pedesque</span> <span class='ocrx_word' id='word_1_170' title='bbox 704 1498 820 1524; x_wconf 89' lang='lat' dir='ltr'>meos</span> <span class='ocrx_word' id='word_1_171' title='bbox 854 1484 1103 1539; x_wconf 82' lang='lat' dir='ltr'>singillatim</span> <span class='ocrx_word' id='word_1_172' title='bbox 1142 1484 1326 1540; x_wconf 84' lang='lat' dir='ltr'>inligans</span> <span class='ocrx_word' id='word_1_173' title='bbox 1360 1485 1464 1526; x_wconf 88' lang='lat' dir='ltr'>indi-</span> 
     </span>
     <span class='ocr_line' id='line_1_25' title="bbox 119 1542 1464 1598; baseline 0.001 -14"><span class='ocrx_word' id='word_1_174' title='bbox 119 1543 213 1584; x_wconf 89' lang='lat' dir='ltr'>dem</span> <span class='ocrx_word' id='word_1_175' title='bbox 254 1543 510 1597; x_wconf 86' lang='lat' dir='ltr'>constringit</span> <span class='ocrx_word' id='word_1_176' title='bbox 548 1542 778 1597; x_wconf 84' lang='lat' dir='ltr'>artissime,</span> <span class='ocrx_word' id='word_1_177' title='bbox 817 1543 978 1584; x_wconf 90' lang='lat' dir='ltr'>scilicet</span> <span class='ocrx_word' id='word_1_178' title='bbox 1018 1559 1069 1584; x_wconf 91' lang='lat' dir='ltr'>ne</span> <span class='ocrx_word' id='word_1_179' title='bbox 1108 1544 1221 1598; x_wconf 91' lang='lat' dir='ltr'>quod</span> <span class='ocrx_word' id='word_1_180' title='bbox 1252 1544 1464 1586; x_wconf 82' lang='lat' dir='ltr'>uindictae</span> 
     </span>
     <span class='ocr_line' id='line_1_26' title="bbox 118 1602 1518 1657; baseline 0.002 -14"><span class='ocrx_word' id='word_1_181' title='bbox 118 1617 235 1643; x_wconf 89' lang='lat' dir='ltr'>meae</span> <span class='ocrx_word' id='word_1_182' title='bbox 274 1604 515 1655; x_wconf 88' lang='lat' dir='ltr'>superesset</span> <span class='ocrx_word' id='word_1_183' title='bbox 551 1602 827 1656; x_wconf 85' lang='lat' dir='ltr'>praesidium,</span> <span class='ocrx_word' id='word_1_184' title='bbox 872 1605 914 1643; x_wconf 92' lang='lat' dir='ltr'>et</span> <span class='ocrx_word' id='word_1_185' title='bbox 962 1603 1139 1657; x_wconf 90' lang='lat' dir='ltr'>pertica,</span> <span class='ocrx_word' id='word_1_186' title='bbox 1181 1618 1264 1657; x_wconf 90' lang='lat' dir='ltr'>qua</span> <span class='ocrx_word' id='word_1_187' title='bbox 1307 1603 1464 1644; x_wconf 86' lang='lat' dir='ltr'>stabuli</span> <span class='ocrx_word' id='word_1_188' title='bbox 1484 1621 1518 1647; x_wconf 81' lang='lat'>25</span> 
     </span>
     <span class='ocr_line' id='line_1_27' title="bbox 117 1660 1465 1716; baseline 0.001 -14"><span class='ocrx_word' id='word_1_189' title='bbox 117 1662 231 1702; x_wconf 89' lang='lat' dir='ltr'>fores</span> <span class='ocrx_word' id='word_1_190' title='bbox 265 1661 469 1701; x_wconf 83' lang='lat' dir='ltr'>offirmari</span> <span class='ocrx_word' id='word_1_191' title='bbox 509 1660 720 1715; x_wconf 90' lang='lat' dir='ltr'>solebant,</span> <span class='ocrx_word' id='word_1_192' title='bbox 753 1663 925 1715; x_wconf 81' lang='lat' dir='ltr'>adrepta</span> <span class='ocrx_word' id='word_1_193' title='bbox 962 1677 1046 1703; x_wconf 90' lang='lat' dir='ltr'>non</span> <span class='ocrx_word' id='word_1_194' title='bbox 1083 1662 1202 1716; x_wconf 88' lang='lat' dir='ltr'>prius</span> <span class='ocrx_word' id='word_1_195' title='bbox 1240 1677 1306 1704; x_wconf 90' lang='lat' dir='ltr'>me</span> <span class='ocrx_word' id='word_1_196' title='bbox 1339 1663 1465 1704; x_wconf 90' lang='lat' dir='ltr'>desiit</span> 
     </span>
     <span class='ocr_line' id='line_1_28' title="bbox 115 1720 1461 1776; baseline 0.001 -16"><span class='ocrx_word' id='word_1_197' title='bbox 115 1720 368 1774; x_wconf 86' lang='lat' dir='ltr'>obtundere,</span> <span class='ocrx_word' id='word_1_198' title='bbox 401 1735 527 1774; x_wconf 89' lang='lat' dir='ltr'>quam</span> <span class='ocrx_word' id='word_1_199' title='bbox 559 1720 686 1761; x_wconf 89' lang='lat' dir='ltr'>uictis</span> <span class='ocrx_word' id='word_1_200' title='bbox 717 1720 926 1775; x_wconf 88' lang='lat' dir='ltr'>fessisque</span> <span class='ocrx_word' id='word_1_201' title='bbox 958 1721 1140 1775; x_wconf 90' lang='lat' dir='ltr'>uiribus,</span> <span class='ocrx_word' id='word_1_202' title='bbox 1173 1724 1323 1775; x_wconf 89' lang='lat' dir='ltr'>suopte</span> <span class='ocrx_word' id='word_1_203' title='bbox 1360 1736 1461 1776; x_wconf 88' lang='lat' dir='ltr'>pon-</span> 
     </span>
     <span class='ocr_line' id='line_1_29' title="bbox 115 1779 1460 1835; baseline 0.001 -14"><span class='ocrx_word' id='word_1_204' title='bbox 115 1780 213 1821; x_wconf 88' lang='lat' dir='ltr'>dere</span> <span class='ocrx_word' id='word_1_205' title='bbox 263 1779 519 1834; x_wconf 86' lang='lat' dir='ltr'>degrauatus</span> <span class='ocrx_word' id='word_1_206' title='bbox 570 1779 766 1820; x_wconf 87' lang='lat' dir='ltr'>manibus</span> <span class='ocrx_word' id='word_1_207' title='bbox 812 1780 901 1821; x_wconf 90' lang='lat' dir='ltr'>eius</span> <span class='ocrx_word' id='word_1_208' title='bbox 950 1780 1077 1821; x_wconf 88' lang='lat' dir='ltr'>fustis</span> <span class='ocrx_word' id='word_1_209' title='bbox 1121 1783 1232 1821; x_wconf 87' lang='lat' dir='ltr'>esset</span> <span class='ocrx_word' id='word_1_210' title='bbox 1281 1781 1460 1835; x_wconf 87' lang='lat' dir='ltr'>elapsus.</span> 
     </span>
     <span class='ocr_line' id='line_1_30' title="bbox 116 1838 1462 1894; baseline 0.001 -15"><span class='ocrx_word' id='word_1_211' title='bbox 116 1843 218 1880; x_wconf 84' lang='lat' dir='ltr'>tunc</span> <span class='ocrx_word' id='word_1_212' title='bbox 251 1839 299 1879; x_wconf 90' lang='lat' dir='ltr'>de</span> <span class='ocrx_word' id='word_1_213' title='bbox 332 1838 605 1879; x_wconf 87' lang='lat' dir='ltr'>brachiorum</span> <span class='ocrx_word' id='word_1_214' title='bbox 638 1853 812 1879; x_wconf 89' lang='lat' dir='ltr'>suorum</span> <span class='ocrx_word' id='word_1_215' title='bbox 838 1839 922 1880; x_wconf 86' lang='lat' dir='ltr'>cita</span> <span class='ocrx_word' id='word_1_216' title='bbox 952 1839 1203 1894; x_wconf 87' lang='lat' dir='ltr'>fatigatione</span> <span class='ocrx_word' id='word_1_217' title='bbox 1230 1842 1462 1894; x_wconf 87' lang='lat' dir='ltr'>conquesta</span> 
     </span>
     <span class='ocr_line' id='line_1_31' title="bbox 115 1898 1515 1953; baseline 0.002 -15"><span class='ocrx_word' id='word_1_218' title='bbox 115 1898 329 1952; x_wconf 88' lang='lat' dir='ltr'>procurrit</span> <span class='ocrx_word' id='word_1_219' title='bbox 349 1898 400 1938; x_wconf 87' lang='lat' dir='ltr'>ad</span> <span class='ocrx_word' id='word_1_220' title='bbox 425 1898 567 1938; x_wconf 84' lang='lat' dir='ltr'>focum</span> <span class='ocrx_word' id='word_1_221' title='bbox 595 1898 896 1953; x_wconf 86' lang='lat' dir='ltr'>ardentemque</span> <span class='ocrx_word' id='word_1_222' title='bbox 916 1899 1110 1940; x_wconf 88' lang='lat' dir='ltr'>titionem</span> <span class='ocrx_word' id='word_1_223' title='bbox 1137 1912 1288 1953; x_wconf 86' lang='lat' dir='ltr'>gerens</span> <span class='ocrx_word' id='word_1_224' title='bbox 1310 1899 1461 1940; x_wconf 86' lang='lat' dir='ltr'>mediis</span> <span class='ocrx_word' id='word_1_225' title='bbox 1480 1917 1515 1942; x_wconf 89' lang='lat'>30</span> 
     </span>
    </p>
   </div>
   <div class='ocr_carea' id='block_1_3' title="bbox 1573 0 1591 1367">
    <p class='ocr_par' dir='ltr' id='par_1_3' title="bbox 1573 0 1591 1367">
     <span class='ocr_line' id='line_1_32' title="bbox 1573 0 1591 1367; baseline 0 0"><span class='ocrx_word' id='word_1_226' title='bbox 1573 0 1591 1367; x_wconf 95' lang='lat' dir='ltr'> </span> 
     </span>
    </p>
   </div>
   <div class='ocr_carea' id='block_1_4' title="bbox 112 2072 1459 2271">
    <p class='ocr_par' dir='ltr' id='par_1_4' title="bbox 112 2072 1459 2271">
     <span class='ocr_line' id='line_1_33' title="bbox 208 2072 1459 2118; baseline 0.002 -12"><span class='ocrx_word' id='word_1_227' title='bbox 208 2077 227 2107; x_wconf 82' lang='lat'>5</span> <span class='ocrx_word' id='word_1_228' title='bbox 260 2072 420 2107; x_wconf 83' lang='lat' dir='ltr'>creditat</span> <span class='ocrx_word' id='word_1_229' title='bbox 452 2073 577 2107; x_wconf 69' lang='lat' dir='ltr'>Rohde</span> <span class='ocrx_word' id='word_1_230' title='bbox 673 2076 712 2107; x_wconf 83' lang='lat' dir='ltr'>at</span> <span class='ocrx_word' id='word_1_231' title='bbox 744 2073 827 2115; x_wconf 69' lang='lat' dir='ltr'>F2tp</span> <span class='ocrx_word' id='word_1_232' title='bbox 872 2085 920 2108; x_wconf 87' lang='lat' dir='ltr'>an</span> <span class='ocrx_word' id='word_1_233' title='bbox 945 2074 991 2107; x_wconf 87' lang='lat' dir='ltr'>Fl</span> <span class='ocrx_word' id='word_1_234' title='bbox 1113 2079 1130 2108; x_wconf 83' lang='grc'>7</span> <span class='ocrx_word' id='word_1_235' title='bbox 1163 2084 1296 2118; x_wconf 86' lang='lat' dir='ltr'>parare</span> <span class='ocrx_word' id='word_1_236' title='bbox 1327 2075 1459 2118; x_wconf 70' lang='lat' dir='ltr'>scripsi</span> 
     </span>
     <span class='ocr_line' id='line_1_34' title="bbox 113 2119 1457 2165; baseline 0 -11"><span class='ocrx_word' id='word_1_237' title='bbox 113 2131 261 2165; x_wconf 86' lang='lat' dir='ltr'>sperare</span> <span class='ocrx_word' id='word_1_238' title='bbox 287 2121 365 2155; x_wconf 77' lang='lat' dir='ltr'>edd.</span> <span class='ocrx_word' id='word_1_239' title='bbox 386 2121 431 2163; x_wconf 79' lang='lat' dir='ltr'>cf.</span> <span class='ocrx_word' id='word_1_240' title='bbox 456 2120 539 2155; x_wconf 82' lang='lat' dir='ltr'>Tac.</span> <span class='ocrx_word' id='word_1_241' title='bbox 560 2120 648 2165; x_wconf 63' lang='lat' dir='ltr'>Asso:</span> <span class='ocrx_word' id='word_1_242' title='bbox 672 2124 713 2154; x_wconf 88' lang='grc'>16</span> <span class='ocrx_word' id='word_1_243' title='bbox 796 2124 839 2154; x_wconf 91' lang='grc'>10</span> <span class='ocrx_word' id='word_1_244' title='bbox 865 2121 1065 2155; x_wconf 86' lang='lat' dir='ltr'>atrocitate</span> <span class='ocrx_word' id='word_1_245' title='bbox 1091 2121 1219 2165; x_wconf 63' lang='lat' dir='ltr'>Fcpag</span> <span class='ocrx_word' id='word_1_246' title='bbox 1292 2119 1404 2155; x_wconf 88' lang='lat' dir='ltr'>istam</span> <span class='ocrx_word' id='word_1_247' title='bbox 1429 2121 1457 2154; x_wconf 88' lang='lat' dir='ltr'><strong>F</strong></span> 
     </span>
     <span class='ocr_line' id='line_1_35' title="bbox 112 2171 1457 2225; baseline 0.001 -12"><span class='ocrx_word' id='word_1_248' title='bbox 112 2179 187 2213; x_wconf 86' lang='lat' dir='ltr'>ista</span> <span class='ocrx_word' id='word_1_249' title='bbox 213 2181 303 2223; x_wconf 66' lang='lat' dir='ltr'>‹pdg</span> <span class='ocrx_word' id='word_1_250' title='bbox 378 2178 500 2224; x_wconf 72' lang='lat' dir='ltr'>(tua)</span> <span class='ocrx_word' id='word_1_251' title='bbox 522 2179 610 2213; x_wconf 75' lang='lat' dir='ltr'>Bsn.</span> <span class='ocrx_word' id='word_1_252' title='bbox 633 2180 696 2223; x_wconf 62' lang='lat' dir='ltr'>que?</span> <span class='ocrx_word' id='word_1_253' title='bbox 714 2183 833 2214; x_wconf 72' lang='lat' dir='ltr'>tamen</span> <span class='ocrx_word' id='word_1_254' title='bbox 855 2180 937 2214; x_wconf 77' lang='lat' dir='ltr'>uult</span> <span class='ocrx_word' id='word_1_255' title='bbox 962 2179 1072 2224; x_wconf 85' lang='lat' dir='ltr'>culpa</span> <span class='ocrx_word' id='word_1_256' title='bbox 1092 2180 1213 2225; x_wconf 66' lang='lat' dir='ltr'>(tua)</span> <span class='ocrx_word' id='word_1_257' title='bbox 1287 2171 1409 2216; x_wconf 47' lang='lat' dir='ltr'>5551·ss</span> <span class='ocrx_word' id='word_1_258' title='bbox 1429 2181 1457 2214; x_wconf 88' lang='lat' dir='ltr'><strong>F</strong></span> 
     </span>
     <span class='ocr_line' id='line_1_36' title="bbox 115 2228 1455 2271; baseline 0.001 -11"><span class='ocrx_word' id='word_1_259' title='bbox 115 2237 239 2260; x_wconf 87' lang='lat' dir='ltr'>carere</span> <span class='ocrx_word' id='word_1_260' title='bbox 267 2228 320 2270; x_wconf 62' lang='lat' dir='ltr'>&amp;g</span> <span class='ocrx_word' id='word_1_261' title='bbox 357 2236 492 2259; x_wconf 87' lang='lat' dir='ltr'>uacare</span> <span class='ocrx_word' id='word_1_262' title='bbox 520 2239 547 2269; x_wconf 86' lang='grc' dir='ltr'>φ</span> <span class='ocrx_word' id='word_1_263' title='bbox 671 2230 712 2259; x_wconf 82' lang='grc'>16</span> <span class='ocrx_word' id='word_1_264' title='bbox 748 2237 822 2260; x_wconf 88' lang='lat' dir='ltr'>non</span> <span class='ocrx_word' id='word_1_265' title='bbox 857 2228 1066 2271; x_wconf 70' lang='lat' dir='ltr'>transposui</span> <span class='ocrx_word' id='word_1_266' title='bbox 1095 2231 1179 2271; x_wconf 73' lang='lat' dir='ltr'>post</span> <span class='ocrx_word' id='word_1_267' title='bbox 1211 2229 1455 2271; x_wconf 85' lang='lat' dir='ltr'>postremum:</span> 
     </span>
    </p>
   </div>
   <div class='ocr_carea' id='block_1_5' title="bbox 115 2273 1455 2367">
    <p class='ocr_par' dir='ltr' id='par_1_5' title="bbox 115 2273 1455 2367">
     <span class='ocr_line' id='line_1_37' title="bbox 116 2273 1455 2319; baseline 0.001 -12"><span class='ocrx_word' id='word_1_268' title='bbox 116 2276 154 2308; x_wconf 71' lang='lat' dir='ltr'>m</span> <span class='ocrx_word' id='word_1_269' title='bbox 189 2274 291 2308; x_wconf 69' lang='lat' dir='ltr'>libris</span> <span class='ocrx_word' id='word_1_270' title='bbox 327 2278 377 2307; x_wconf 74' lang='lat' dir='ltr'>est</span> <span class='ocrx_word' id='word_1_271' title='bbox 409 2277 492 2317; x_wconf 76' lang='lat' dir='ltr'>post</span> <span class='ocrx_word' id='word_1_272' title='bbox 527 2274 695 2317; x_wconf 73' lang='lat' dir='ltr'>pastore3</span> <span class='ocrx_word' id='word_1_273' title='bbox 735 2273 911 2308; x_wconf 89' lang='lat' dir='ltr'>derelicto</span> <span class='ocrx_word' id='word_1_274' title='bbox 947 2286 1013 2319; x_wconf 73' lang='lat' dir='ltr'>my.</span> <span class='ocrx_word' id='word_1_275' title='bbox 1052 2273 1079 2307; x_wconf 88' lang='lat' dir='ltr'><strong>F</strong></span> <span class='ocrx_word' id='word_1_276' title='bbox 1131 2273 1274 2308; x_wconf 84' lang='lat' dir='ltr'>deiecto</span> <span class='ocrx_word' id='word_1_277' title='bbox 1315 2276 1393 2310; x_wconf 84' lang='lat' dir='ltr'>cdd.</span> <span class='ocrx_word' id='word_1_278' title='bbox 1425 2275 1455 2308; x_wconf 90' lang='grc' dir='ltr'>Ε</span> 
     </span>
     <span class='ocr_line' id='line_1_38' title="bbox 115 2320 1455 2367; baseline 0.001 -12"><span class='ocrx_word' id='word_1_279' title='bbox 115 2325 156 2355; x_wconf 83' lang='grc'>21</span> <span class='ocrx_word' id='word_1_280' title='bbox 187 2320 326 2355; x_wconf 85' lang='lat' dir='ltr'>sentias</span> <span class='ocrx_word' id='word_1_281' title='bbox 358 2321 447 2355; x_wconf 76' lang='lat' dir='ltr'>Oud.</span> <span class='ocrx_word' id='word_1_282' title='bbox 475 2321 519 2363; x_wconf 77' lang='lat' dir='ltr'>cf.</span> <span class='ocrx_word' id='word_1_283' title='bbox 547 2325 578 2354; x_wconf 89' lang='lat'>4.</span> <span class='ocrx_word' id='word_1_284' title='bbox 596 2324 655 2363; x_wconf 71' lang='lat'>223</span> <span class='ocrx_word' id='word_1_285' title='bbox 686 2325 798 2355; x_wconf 61' lang='lat'>1423</span> <span class='ocrx_word' id='word_1_286' title='bbox 833 2321 970 2355; x_wconf 85' lang='lat' dir='ltr'>senties</span> <span class='ocrx_word' id='word_1_287' title='bbox 996 2321 1074 2356; x_wconf 81' lang='lat' dir='ltr'>cdd.</span> <span class='ocrx_word' id='word_1_288' title='bbox 1174 2325 1217 2355; x_wconf 77' lang='lat'>‘26</span> <span class='ocrx_word' id='word_1_289' title='bbox 1245 2321 1402 2367; x_wconf 81' lang='lat' dir='ltr'>abrepta</span> <span class='ocrx_word' id='word_1_290' title='bbox 1426 2322 1455 2356; x_wconf 88' lang='lat' dir='ltr'><strong>F</strong></span> 
     </span>
    </p>
   </div>
  </div>
 </body>
</html>
