1591 2556
130 100 214 140 226
711 97 840 131 LIBRI
863 97 897 131 X

130 211 214 237 non
270 194 485 249 parricidii
546 193 820 246 conscientia,
880 207 965 234 non
1020 192 1255 235 infortunio
1310 192 1473 248 domus,

133 255 190 309 [p.
210 253 386 308 1853]
419 267 504 294 non
534 253 652 293 luctu
683 252 827 293 mariti
857 251 927 293 uel
953 266 1152 293 aerumna
1176 251 1337 293 funeris
1362 266 1471 293 com-

134 316 250 355 mota
282 312 441 354 cladem
472 311 658 352 familiae
689 311 789 365 (in)
820 310 1032 351 uindictae
1064 311 1360 364 compendium
1389 313 1472 352 tra·
1579 359 1582 361 ,

134 373 197 413 xit
223 372 436 426 missoque
462 370 657 425 protinus
683 384 863 423 cursore,
890 369 962 423 qui
987 370 1123 410 uianti
1147 370 1301 411 marito
1322 370 1472 411 domus
1567 384 1585 422 2-

135 431 491 485 expugnationem
523 429 750 483 nuntiaret,
788 443 835 469 ac
860 443 959 469 mox
991 428 1137 470 eodem
1172 429 1289 470 ocius
1321 429 1373 470 ab
1405 428 1471 471 iti-
1510 448 1526 473 5
1566 434 1583 476 7!

134 505 232 531 nere
275 504 485 544 regresso,
533 490 758 542 personata
799 487 931 528 nimia
973 488 1211 529 temeritate
1254 487 1474 529 insimulat

134 549 321 603 priuigni
352 562 515 588 ueneno
550 547 686 587 filium
720 561 843 587 suum
870 547 1160 600 interceptum.
1211 550 1253 588 et
1276 546 1358 588 hoc
1383 546 1472 601 qui-

135 608 229 649 dem
261 622 346 648 non
378 607 479 647 adeo
518 606 818 659 mentiebatur,
857 606 969 659 quod
1006 606 1090 646 iam
1129 606 1382 647 destinatam
1413 605 1473 646 iu-

134 667 231 707 ueni
262 668 442 707 mortem
473 665 762 719 praeuenisset
791 679 913 718 puer,
951 665 1023 705 sed
1054 664 1227 705 fratrem
1266 664 1474 705 iuniorem
1567 709 1574 714 ,

134 725 321 780 fingebat
360 725 453 766 ideo
491 724 678 779 priuigni
715 723 868 764 scelere
908 726 1194 778 peremptum,
1234 723 1348 778 quod
1383 723 1474 764 eius
1494 743 1528 767 10

134 785 361 838 probrosae
409 783 597 836 libidini,
641 797 724 837 qua
767 797 811 823 se
855 783 1130 836 comprimere
1181 784 1476 836 temptauerat,

134 843 341 884 noluisset
391 842 674 884 succumbere.
748 856 823 882 nec
866 844 1007 882 tamen
1051 842 1191 895 (tam)
1234 841 1476 882 inmanibus

136 905 334 943 contenta
364 901 575 942 mendacis
609 900 788 941 addebat
816 900 897 941 sibi
924 915 1090 955 quoque
1123 901 1176 941 ob
1203 901 1476 942 detrectatum

134 961 345 1016 flagitium
401 960 578 1001 eundem
628 959 748 1000 illum
800 959 986 1014 gladium
1037 960 1294 1000 comminari
1374 962 1476 1000 tunc
1590 991 1591 999 ,

135 1021 310 1073 (φαῖεν)
336 1019 483 1060 infelix
510 1018 667 1072 duplici
692 1017 878 1059 filiorum
904 1020 1040 1058 morte
1059 1034 1134 1072 per
1137 1033 1283 1059 cussus
1309 1018 1475 1084 magnis
1495 1037 1529 1062 15
1567 1023 1591 1069 ἑὲ

137 1093 431 1120 aerumnarum
462 1076 660 1131 procellis
693 1078 866 1117 aestuat
923 1092 1019 1116 nam
1052 1080 1094 1117 et
1125 1077 1333 1118 iuniorem
1365 1077 1475 1118 inco-
1577 1074 1581 1078 ⁴

137 1153 227 1178 ram
259 1137 325 1178 sui
355 1136 542 1177 funerari
573 1136 745 1180 uidebat
777 1138 819 1176 et
850 1135 1029 1176 alterum
1062 1136 1115 1176 ob
1147 1136 1356 1177 incestum
1386 1150 1477 1190 par-

137 1196 416 1250 ricidiumque
449 1195 599 1249 capitis
632 1194 793 1235 scilicet
819 1194 1064 1235 damnatum
1089 1194 1141 1235 iri
1169 1197 1282 1236 certo
1309 1194 1478 1236 sciebat.

139 1256 190 1296 ad
220 1256 301 1296 hoc
332 1255 477 1295 uxoris
515 1253 691 1295 dilectae
728 1253 906 1294 nimium
943 1254 1134 1294 mentitis
1170 1253 1478 1295 lamentationi-

139 1315 218 1355 bus
250 1314 302 1355 ad
334 1316 570 1355 extremum
603 1312 763 1354 subolis
795 1311 1088 1366 impellebatur
1119 1312 1273 1354 odium.
1501 1331 1535 1356 20
1564 1305 1585 1354 J?

227 1372 300 1413 VI.
327 1372 515 1413 Vixdum
535 1386 713 1426 pompae
733 1371 931 1412 funebres
951 1374 994 1412 et
1013 1371 1231 1426 sepultura
1249 1371 1328 1412 filii
1343 1371 1482 1412 fuerat

140 1432 350 1486 explicata
380 1434 422 1472 et
454 1431 599 1472 statim
633 1431 684 1471 ab
717 1430 808 1484 ipso
835 1431 926 1471 eius
952 1444 1055 1485 rogo
1082 1445 1210 1472 senex
1235 1430 1384 1472 infelix
1409 1445 1483 1471 ora

141 1506 218 1532 sua
248 1491 488 1531 recentibus
521 1490 658 1530 adhuc
683 1490 826 1544 rigans
851 1489 1037 1530 lacrimis
1063 1489 1317 1543 trahensque
1344 1489 1481 1530 cinere

142 1550 381 1591 sordentem
414 1549 611 1590 canitiem
643 1548 736 1589 foro
763 1563 806 1589 se
832 1548 1012 1589 festinus
1038 1548 1233 1589 immittit
1259 1551 1385 1602 atque
1410 1548 1482 1603 ibi,

140 1612 232 1649 tum
265 1609 379 1662 fietu,
411 1610 503 1648 tum
535 1607 743 1661 precibus,
775 1621 912 1662 genua
937 1608 1063 1648 etiam
1090 1607 1363 1648 decurionum
1388 1622 1482 1648 con·
1501 1625 1535 1650 25
1563 1623 1572 1664 ς

142 1668 324 1721 tingens,
353 1667 519 1707 nescius
544 1666 757 1707 fraudium
777 1667 983 1720 pessimae
1009 1666 1209 1720 mulieris,
1236 1666 1279 1707 in
1305 1666 1481 1707 exitium
1560 1670 1563 1674 '

143 1726 296 1780 reliqui
321 1726 400 1766 filii
424 1725 561 1779 plenis
588 1725 841 1779 operabatur
866 1725 1102 1766 affectibus:
1128 1725 1249 1766 illum
1276 1726 1481 1766 incestum

1572 246 1589 286 ⁴3*
1560 208 1575 226 ἦ
1556 102 1591 170 {⁵¹⁸
1551 0 1591 91 ²2⁴⁹!

144 1788 319 1839 paterno
351 1784 556 1838 thalamo,
600 1784 721 1825 illum
758 1784 1010 1838 parricidam
1048 1784 1234 1825 fraterno
1273 1784 1402 1825 exitio
1439 1787 1481 1825 et

143 1845 186 1884 in
219 1843 474 1885 comminata
504 1858 708 1884 nouercae
741 1843 862 1884 caede
895 1843 1103 1884 sicarium.
1160 1846 1279 1884 tanta
1303 1843 1481 1897 denique

144 1903 413 1944 miseratione
450 1905 651 1956 tantaque
692 1902 981 1957 indignatione
1019 1902 1177 1943 curiam
1215 1902 1288 1943 sed
1325 1905 1366 1942 et
1396 1901 1480 1955 ple·
1500 1918 1535 1945 3⁰

238 2068 258 2098 3
297 2064 442 2098 cladem
474 2065 550 2099 cdd.
596 2064 701 2098 clade
733 2064 772 2099 E.
883 2065 977 2110 (in)
1008 2066 1069 2099 wir
1099 2066 1236 2099 doctus
1253 2076 1301 2108 ap
1303 2065 1354 2098 ud
1388 2064 1477 2099 Oud.

146 2116 185 2145 11
236 2112 393 2157 probose
420 2111 447 2144 F
472 2111 629 2155 probose
656 2125 683 2156 φ
782 2116 824 2145 12
850 2111 1013 2146 noluisse
1038 2111 1102 2156 Fq>
1110 2112 1120 2131 ¹
1192 2113 1319 2145 tamen
1345 2111 1479 2158 (tam)

144 2159 273 2203 scripsi
291 2160 336 2202 cf.
352 2162 443 2192 210
470 2161 547 2192 tani
572 2159 635 2202 Fcp
661 2162 703 2193 tfi
728 2160 751 2193 ὃ
775 2160 854 2193 tam
878 2159 918 2193 E.
1018 2163 1060 2192 13
1086 2157 1274 2192 mendacis
1300 2158 1346 2191 F¹
1419 2159 1481 2192 de-

146 2231 347 2263 trectatum
371 2230 501 2273 scripsi
526 2229 712 2263 detectum
733 2231 810 2264 cdd.
898 2234 940 2264 14
966 2214 1134 2274 gladium
1153 2242 1181 2273 φ
1255 2232 1298 2263 15
1320 2228 1480 2275 (pater)

146 2277 284 2310 inserui
377 2275 567 2320 perculsus
599 2278 621 2310 ὃ
729 2280 773 2309 ‘20
810 2276 1072 2321 impellebatur
1108 2277 1185 2310 cdd.
1224 2277 1399 2320 sequiores
1435 2276 1479 2319 cf.

145 2326 277 2366 35.14;
305 2326 381 2357 135.
399 2327 459 2366 293
488 2326 563 2357 172.
580 2327 621 2357 21
661 2323 887 2367 implebatur
911 2323 1051 2368 ΡφὸΕ.
1127 2322 1221 2357 odiis
1249 2324 1272 2357 δ
