1591 2556
117 94 170 135 72
671 93 798 128 LIBRI
822 94 887 127 1111

203 189 275 230 VI.
331 189 416 231 Res
454 205 500 231 ac
538 193 706 244 tempus
746 191 885 244 ipsum
927 189 1117 231 locorum
1150 189 1456 244 speluncaeque

114 250 230 290 illius
264 264 389 303 quam
421 249 606 290 latrones
639 249 944 303 inhabitabant,
976 249 1301 302 descriptionem
1333 263 1457 303 expo-

115 323 213 349 nere
254 308 461 363 flagitant.
523 323 621 349 nam
663 311 705 349 et
741 323 882 349 meum
921 307 1048 349 simul
1084 307 1357 362 periclitabor
1395 308 1451 348 in-

115 367 299 422 genium,
331 369 373 408 et
402 367 500 408 faxo
527 381 604 408 uos
632 381 799 421 quoque
831 381 883 407 an
915 369 1056 408 mente
1090 367 1215 407 etiam
1249 380 1452 421 sensuque

116 426 270 468 fuerim
315 426 457 467 asinus
502 425 648 466 sedulo
693 425 898 466 sentiatis.
973 440 1094 466 mons
1139 425 1337 467 horridus
1387 424 1451 467 sil·
1491 442 1506 467 5

114 485 413 539 uestribusque
457 484 678 525 frondibus
722 484 948 525 umbrosus
992 487 1034 525 et
1070 484 1114 525 in
1153 484 1302 539 primis
1346 484 1453 526 altus

115 545 208 586 fuit.
251 543 378 584 huius
404 558 480 597 per
506 542 679 597 obliqua
699 543 870 597 deuexa,
897 557 980 597 qua
1006 543 1118 584 saxis
1145 543 1389 598 asperrimis
1411 546 1454 584 et

114 604 168 644 ob
194 603 237 644 id
269 602 493 643 inaccessis
525 602 722 656 cingitur,
754 601 968 643 conualles
999 602 1222 644 lacunosae
1249 616 1454 656 cauaeque

114 662 293 703 nimium
334 661 512 715 spinetis
557 664 780 716 aggeratae
824 663 867 702 et
906 675 1073 715 quaqua
1110 676 1258 702 uersus
1300 661 1454 714 opsitae

116 720 351 762 naturalem
389 719 567 761 tutelam
604 720 853 774 praebentes
895 720 1147 761 ambiebant.
1211 721 1260 761 de
1292 734 1454 762 summo
1475 738 1509 762 10

114 780 273 821 uertice
292 779 388 820 fons
409 779 587 819 affluens
607 778 737 820 bullis
758 779 1002 833 ingentibus
1027 779 1282 820 scaturribat
1300 793 1455 833 perque

114 854 247 893 prona
273 838 468 892 delapsus
496 838 720 879 euomebat
747 838 880 879 undas
907 842 1129 892 argenteas
1154 838 1319 893 iamque
1344 838 1456 878 riuu-
1483 888 1486 889 ⁷

112 898 166 939 lis
205 897 401 952 pluribus
446 897 661 950 dispersus
699 912 747 938 ac
784 897 916 938 ualles
959 897 1054 938 illas
1097 897 1336 952 agminibus
1376 894 1487 937 sta-'

115 957 345 1012 gnantibus
378 956 567 1011 inrigans
599 956 643 997 in
674 956 848 997 modum
880 956 1027 1009 stipati
1058 956 1187 997 maris
1219 956 1285 997 uel
1311 955 1456 1010 ignaui

114 1016 302 1057 fluminis
329 1018 480 1056 cuncta
505 1014 740 1056 cohibebat.
785 1015 970 1069 insurgit
996 1015 1218 1069 speluncae
1245 1029 1325 1069 qua
1350 1029 1456 1055 mar·
1479 1032 1511 1057 15

117 1075 173 1129 [p.
190 1074 340 1128 60.E.]
368 1075 488 1129 gines
514 1077 738 1115 montanae
766 1074 976 1128 desinunt,
1007 1074 1137 1115 turris
1158 1074 1286 1115 ardua
1312 1073 1455 1114 caulae

114 1135 237 1175 firma
262 1133 410 1174 solidis
437 1133 635 1186 cratibus,
662 1133 765 1173 ouili
792 1132 1076 1173 stabulatione
1102 1132 1332 1186 commoda,
1362 1147 1456 1186 por-

115 1193 240 1234 rectis
282 1192 468 1246 undique
506 1191 722 1233 lateribus.
785 1194 883 1232 ante
926 1192 1037 1232 fores
1082 1192 1223 1246 exigui
1266 1192 1459 1232 tramites

116 1252 207 1293 uice
235 1251 386 1293 structi
412 1251 587 1305 parietis
614 1251 902 1292 attenduntur.
937 1266 985 1292 ea
1010 1254 1056 1291 tu
1082 1251 1205 1303 bono,
1228 1254 1340 1291 certe
1364 1264 1459 1291 meo

114 1310 302 1365 periculo
332 1310 547 1351 latronum
586 1310 743 1351 dixeris
781 1310 898 1350 atria.
961 1325 1037 1351 nec
1075 1310 1192 1350 iuxta
1230 1309 1456 1363 quicquam
1477 1327 1512 1352 20

117 1385 243 1424 quam
274 1384 407 1424 parua
438 1369 580 1410 casula
606 1368 797 1410 cannulis
829 1372 986 1410 temere
1018 1372 1221 1421 contecta,
1253 1383 1336 1422 quo
1368 1382 1458 1422 spe-

117 1430 327 1470 culatores
360 1443 381 1469 e
407 1442 583 1469 numero
614 1427 841 1481 latronum,
872 1430 920 1468 ut
945 1430 1093 1481 postea
1118 1428 1314 1481 comperi,
1346 1430 1459 1468 sorte

118 1488 233 1529 ducti
265 1487 462 1529 noctibus
495 1487 770 1528 excubabant.

206 1545 299 1587 VII.
355 1545 422 1587 Ibi
463 1561 558 1587 cum
594 1545 752 1600 singuli
792 1546 956 1598 stipatis
987 1545 1155 1586 artubus
1185 1546 1460 1599 derepsissent,

118 1607 241 1647 nobis
286 1608 383 1646 ante
429 1605 542 1659 ipsas
585 1604 696 1645 fores
740 1604 831 1645 loro
875 1604 1017 1645 ualido
1055 1604 1289 1657 destinatis,
1333 1618 1458 1644 anum
1478 1621 1512 1646 25

119 1664 330 1720 quandam
368 1666 586 1705 curuatam
624 1664 745 1719 graui
778 1663 916 1717 senio,
960 1663 1027 1704 cui
1065 1663 1145 1704 soli
1183 1662 1296 1704 salus
1334 1665 1460 1716 atque

118 1723 252 1765 tutela
289 1726 355 1764 tot
392 1738 567 1764 numero
609 1723 810 1764 iuuenum
855 1723 1080 1763 commissa
1115 1722 1356 1776 uidebatur,
1400 1721 1460 1763 sic

213 1855 232 1885 2
260 1861 372 1894 quam
397 1862 462 1885 om.
489 1850 590 1893 F¹q>¹
685 1849 953 1884 inhabitabant
981 1849 1069 1885 Omz.
1097 1852 1141 1893 ef.
1165 1853 1218 1884 73.
1235 1853 1278 1883 22
1310 1848 1459 1883 inhabi-

117 1901 203 1933 tant
227 1899 306 1933 cdd.
429 1902 449 1931 3
482 1897 656 1942 flagitant
681 1899 704 1931 ὃ
743 1896 893 1941 flagitat
917 1897 984 1939 qu
1104 1901 1124 1930 9
1157 1895 1301 1941 opsitae
1331 1896 1462 1940 scripsi

118 1945 306 1991 repositae
338 1946 416 1980 edd.
444 1946 489 1988 cf.
518 1948 649 1988 72.20;
683 1948 774 1979 61.2
891 1947 934 1978 13
966 1943 1177 1988 agminibus
1202 1944 1281 1978 cdd.
1307 1944 1352 1986 cf.
1368 1947 1460 1978 61.4

118 1998 152 2028 et
177 1993 294 2027 Amm.
316 1993 434 2027 Marc.
459 1996 512 2026 24.
536 1996 596 2026 2.7
624 1993 665 2026 in
689 2000 720 2034 φ
746 1992 860 2027 adscr.
881 1996 932 2026 est
962 2002 991 2025 c.
1018 1990 1188 2025 amnibus
1286 1993 1329 2024 16
1355 1989 1461 2024 caule

116 2041 241 2074 firmas
274 2039 338 2083 Ἑφ
461 2042 598 2073 16-19
630 2040 725 2074 hunc
751 2040 864 2073 locmn
888 2039 1012 2073 <misere
1036 2042 1243 2082 corruptum
1262 2037 1382 2081 Luetj.
1407 2038 1462 2072 ita

118 2087 299 2123 rescribit:
324 2085 496 2130 insurgit,
523 2085 721 2130 speluncae
741 2097 814 2129 qua
839 2085 1025 2130 margines
1050 2086 1249 2119 montanae
1276 2083 1461 2128 desinunt,

120 2134 232 2169 turris
259 2133 385 2168 ardua.
425 2132 555 2167 caulae
574 2132 701 2167 firmae
727 2132 856 2167 solidis
883 2132 1065 2175 cratibus,
1092 2131 1183 2166 ouili
1209 2130 1460 2166 stabulatione

119 2181 330 2225 commoda,
363 2179 543 2225 porrectis
575 2179 738 2223 undique
774 2179 953 2214 lateribus
986 2181 1072 2214 ante
1103 2178 1199 2213 fores
1231 2177 1355 2223 exigui
1386 2180 1461 2212 tra-

120 2228 222 2263 mitis
249 2228 330 2262 uice
365 2226 497 2261 structi
526 2226 681 2271 parietis
708 2227 952 2261 attenduntur
1025 2230 1067 2260 ‘23
1094 2225 1203 2260 electi
1229 2227 1252 2259 ὃ
1325 2229 1368 2259 24
1395 2224 1460 2259 sti-

118 2275 219 2321 patis
257 2274 411 2309 artubus
445 2273 694 2318 derepsissent
727 2276 856 2319 scripsi
899 2274 931 2308 d.
966 2286 992 2308 s.
1020 2285 1050 2308 a.
1078 2274 1156 2308 edd.
1202 2271 1460 2317 derepsissent,

120 2323 270 2368 stipatis
303 2322 342 2356 E.
384 2321 624 2366 direpsissent
655 2321 714 2355 Fa

1580 786 1591 812 n.
1578 710 1591 769 μζ·
1581 669 1591 698 ις.
1579 311 1591 658 ..Aa-ai.
1587 261 1591 293 ,μ
1587 222 1591 226 .
