1591 2556
142 102 195 142 12
727 102 855 137 LIBRI
879 103 895 136 I

143 198 310 252 quibas:
356 199 434 239 sub
467 199 599 240 oculis
632 199 717 240 tuis
748 199 876 240 homo
909 199 1127 253 iugulatur
1165 202 1207 240 et
1238 199 1365 240 siles?
1409 214 1484 241 cur

143 260 284 298 autem
318 259 358 298 te
391 257 527 299 simile
559 258 829 299 latrocinium
868 273 952 299 non
990 258 1197 312 peremit?
1247 273 1322 299 cur
1358 272 1484 300 saeua

143 316 369 357 crudelitas
390 317 458 358 uel
477 320 650 371 propter
670 317 873 358 indicium
895 317 1063 358 sceleris
1085 317 1244 358 arbitro
1265 317 1483 371 pepercit?

143 389 244 430 ergo
278 376 477 430 quoniam
511 376 685 417 euasisti
716 379 910 430 mortem,
942 391 1052 417 nunc
1085 376 1157 417 illo
1190 376 1346 417 redi.’”

231 433 347 476 Haec
379 435 608 475 identidem
641 449 805 476 mecum
837 434 1093 488 replicabam
1132 438 1174 476 et
1204 450 1288 476 nox
1320 435 1410 476 ibat
1441 435 1484 476 in

143 493 265 534 diem.
317 494 526 547 optimum
559 494 701 547 itaque
726 494 841 534 factu
868 493 1007 534 uisum
1040 497 1104 535 est
1136 494 1375 536 anteluculo
1401 494 1486 535 fur-

143 552 221 592 tim
262 553 437 593 euadere
477 555 518 593 et
555 553 668 593 uiam
707 552 807 593 licet·
844 552 1008 606 trepido
1044 553 1227 607 uestigio
1260 568 1485 607 capessere.

144 626 265 652 sumo
298 611 552 652 sarcinulam
585 626 735 665 meam,
767 611 937 653 subdita
962 611 1071 652 claui
1103 612 1295 666 pessulos
1321 612 1487 654 reduco.

144 673 187 711 at
219 669 315 710 illae
346 670 503 724 probae
537 673 578 711 et
609 670 753 711 fideles
786 671 953 724 ianuae,
987 685 1093 724 quae
1132 685 1208 711 sua
1245 674 1394 725 sponte
1427 686 1487 713 re-

145 731 305 770 seratae
343 732 466 770 nocte
503 730 689 783 fuerant,
730 729 803 770 uix
835 729 1005 770 tandem
1045 732 1086 771 et
1118 730 1348 784 aegerrime
1386 733 1487 772 tunc

145 788 276 829 clauis
309 802 409 829 suae
442 789 588 829 crebra
620 789 882 829 immissione
914 789 1133 842 patefiunt.

232 846 324 887 XV.
379 847 439 888 Et
472 847 591 889 ‘heus
624 850 670 888 tu
702 848 776 888 ubi
809 848 898 888 es?
930 848 1103 901 inquam
1136 847 1298 889 ‘ualuas
1331 847 1488 889 stabuli

145 906 330 960 absolue,
363 908 475 947 ante·
509 907 565 961 [p.
589 906 739 960 10.E.]
771 906 882 947 lucio
908 906 1007 947 uolo
1039 907 1127 948 ire.’
1188 907 1344 948 ianitor
1378 921 1488 961 pone

146 964 303 1005 stabuli
336 965 493 1006 ostium
525 965 644 1006 humi
677 965 871 1006 cubitans
904 966 1031 1006 etiam
1064 980 1176 1007 nunc
1207 966 1488 1007 semisomnus

146 1024 264 1077 ‘quid
296 1024 359 1064 tu’
392 1024 532 1078 inquit
565 1024 751 1079 ‘ignoras
783 1025 1021 1065 latronibus
1053 1025 1244 1066 infestari
1274 1025 1381 1079 uias,
1414 1025 1486 1079 qui

144 1082 225 1123 hoc
257 1083 393 1124 noctis
426 1084 507 1124 iter
538 1084 718 1137 incipis?
750 1098 851 1124 nam
884 1084 964 1125 etsi
996 1086 1055 1138 tu,
1087 1084 1264 1125 alicuius
1290 1084 1489 1125 facinoris

146 1142 226 1182 tibi
259 1142 451 1183 conscius
485 1142 657 1196 scilicet,
689 1143 797 1183 mori
830 1143 960 1196 cupis,
991 1157 1069 1183 nos
1095 1143 1337 1184 cucurbitae
1364 1146 1490 1197 caput

147 1215 232 1241 non
258 1200 463 1242 habemus
489 1204 537 1242 ut
561 1216 638 1255 pro
665 1203 706 1242 te
733 1201 992 1242 moriamur.’
1034 1202 1134 1243 ‘non
1153 1201 1295 1256 longe'
1316 1202 1489 1256 inquam

148 1259 238 1300 ‘lux
264 1260 392 1301 abest.
435 1262 477 1301 et
495 1262 713 1314 praeterea
734 1260 835 1314 quid
855 1261 1010 1302 uiatori
1031 1261 1081 1302 de
1101 1275 1267 1302 summa
1290 1262 1489 1315 pauperie

146 1318 333 1360 latrones
366 1319 529 1361 auferre
560 1320 768 1373 possunt?
831 1334 883 1360 an
915 1320 1107 1374 ignoras,
1139 1320 1297 1374 inepte,
1329 1320 1489 1361 nudum

146 1393 223 1419 nec
261 1393 284 1419 a
325 1378 467 1419 decem
505 1378 764 1432 palaestritis
806 1378 1033 1432 despoliari
1069 1378 1242 1432 posseP'
1299 1379 1350 1420 ad
1386 1379 1489 1421 haec

147 1437 218 1478 ille
250 1437 462 1478 marcidus
495 1440 536 1478 et
568 1437 840 1491 semisopitus
872 1438 915 1478 111
948 1437 1127 1478 alterum
1153 1437 1264 1479 latus
1292 1438 1489 1479 euolutus

148 1496 272 1537 ‘unde
306 1496 463 1536 autem'
495 1496 635 1550 inquit
666 1496 768 1537 escio
802 1511 854 1537 an
886 1499 1137 1537 conuectore
1168 1496 1242 1538 illo
1274 1499 1361 1551 tuo,
1393 1512 1489 1538 cum

147 1569 230 1608 quo
246 1569 338 1595 sero
360 1555 616 1609 deuorteras,
636 1555 828 1609 iugulato
848 1555 974 1609 fugae
994 1555 1166 1596 mandes
1186 1556 1490 1609 praesidium‘?’

237 1612 350 1654 Illud
381 1613 509 1655 horae
546 1614 721 1655 memini
758 1629 826 1655 me
858 1617 971 1655 terra
1002 1614 1243 1656 dehiscente
1275 1615 1360 1656 ima
1391 1615 1488 1656 Tar-

148 1675 239 1713 tara
259 1673 386 1726 inque
411 1672 478 1714 his
505 1687 650 1714 canem
672 1672 899 1714 Cerberum
925 1688 1099 1726 prorsus
1126 1674 1379 1715 esurientem
1405 1676 1491 1716 mei

151 1732 430 1785 prospexisse.
476 1747 523 1772 ac
548 1732 798 1773 recordabar
817 1732 1007 1786 profecto
1033 1732 1188 1773 bonam
1207 1732 1380 1774 Meroen
1405 1748 1490 1774 non

148 1791 437 1831 misericordia
469 1790 616 1845 iugulo
654 1806 747 1832 meo
786 1791 1024 1845 pepercisse
1063 1792 1136 1832 sed
1167 1791 1345 1833 saeuitia
1376 1793 1490 1833 cruci

148 1864 214 1890 me
241 1864 490 1890 reseruasse.
546 1848 660 1890 XVI.
694 1850 735 1890 in
764 1849 1004 1891 cubiculum
1037 1851 1179 1904 itaque
1211 1865 1405 1892 reuersus
1439 1851 1488 1892 de

244 1957 263 1987 6
302 1955 388 1988 ante
426 1953 550 1988 luculo
582 1954 610 1988 F
655 1953 841 1988 antelucio
874 1965 899 1998 g
936 1954 981 1997 cf.
1009 1957 1115 1997 7.13;
1151 1957 1238 1989 10.1
1362 1958 1403 1988 12
1442 1954 1491 1989 Et

150 2000 255 2035 ‘heus
281 2002 411 2045 scripsi
434 2002 479 2044 cf.
509 2005 640 2044 11.12;
670 2005 747 2035 175.
764 2005 801 2044 63
832 2001 895 2035 ‘Et
919 2001 1011 2035 heus
1037 2001 1077 2035 E.
1176 2005 1219 2036 14
1246 2000 1359 2035 etiam
1386 2001 1491 2036 Koch

149 2049 186 2082 et
211 2047 287 2081 iam
311 2047 418 2091 FqJV
515 2052 557 2082 16
589 2047 755 2092 incipitis
788 2048 834 2091 <30¹
930 2059 1017 2082 nam
1043 2048 1147 2082 Hilcl.
1185 2048 1271 2083 hem
1300 2048 1389 2083 Oua.
1417 2049 1488 2084 Lu.

148 2105 280 2139 nempe
299 2095 340 2128 E.
372 2105 457 2129 nem
477 2095 547 2130 etsi
573 2095 600 2128 F
629 2097 753 2129 nemet
779 2095 810 2129 si
836 2108 863 2139 φ
896 2106 941 2129 119
961 2096 1037 2129 met
1063 2095 1094 2129 si
1114 2095 1178 2140 Vg
1252 2098 1294 2129 17
1321 2106 1415 2140 capu
1443 2096 1489 2139 φ1

148 2146 190 2176 21
219 2142 267 2175 ad
288 2142 415 2176 decem
436 2155 463 2185 φ
537 2141 732 2186 dispoliari
752 2156 779 2186 φ
855 2146 897 2176 22
923 2142 1112 2176 reuolutus
1134 2142 1241 2177 Salm.
1317 2146 1360 2176 ‘24
1381 2142 1488 2188 Eyss.

147 2190 273 2232 finiuit
303 2190 500 2224 orationem
531 2190 700 2224 ‘icmitoris
721 2194 803 2233 post
833 2189 1065 2234 prospexisse
1091 2193 1123 2224 et
1154 2190 1384 2224 commeauit
1409 2201 1488 2224 ora·

148 2238 279 2272 tionem
318 2237 372 2272 ita
414 2236 668 2280 praesidium?
712 2236 826 2279 illud3
871 2248 1005 2271 nouum
1042 2241 1150 2281 caput
1181 2241 1213 2271 et
1249 2237 1405 2271 alineam
1433 2238 1489 2271 in-

148 2285 301 2364 cohassiltE
317 2295 340 2318 a
365 2283 417 2317 Ac
437 2283 661 2318 recordabar
685 2285 729 2326 cf.
753 2284 893 2328 Haupt.
919 2284 1044 2329 Opusc.
1065 2283 1126 2318 ΙΙΙ.
1149 2287 1215 2317 6-27
1291 2288 1334 2317 25
1361 2283 1434 2318 11191
1461 2297 1488 2328 φ

147 2341 205 2365 1119
307 2360 313 2365 .

1507 750 1540 775 10

1507 1044 1541 1070 15

1508 1339 1543 1364 20

1509 1632 1543 1659 25
