1591 2556
44 774 77 797 10

46 1364 79 1386 20

44 1658 77 1681 25

521 125 621 160 CAP.
648 125 1003 160 XXVII—XXVIIII
1381 124 1435 165 67

99 223 420 278 speculandum,
462 222 534 276 qui
573 221 621 262 de
659 221 858 262 facinoris
898 221 1173 275 inquisitione
1211 222 1438 273 nuntiaret,

97 282 256 337 relicto,
288 297 364 323 nos
391 281 535 322 crebra
560 280 786 321 tundentes
812 294 887 334 per
916 280 1010 320 auia
1035 280 1243 320 montium
1278 281 1437 321 ducunt

99 342 298 382 concitos.

186 397 406 441 XXVIIII.
438 397 612 452 Iamque
638 413 777 440 rerum
805 400 1018 438 tantarum
1043 397 1227 451 pondere
1254 401 1296 438 et
1322 413 1437 439 111011-

62 478 71 491 r
96 460 151 500 tis
183 459 302 499 ardui
334 458 491 499 uertice
517 460 559 499 et
583 457 749 511 prolixo
777 457 880 498 satis
906 456 1057 498 itinere
1082 455 1192 497 nihil
1218 472 1241 496 a
1266 460 1434 498 mortuo

97 518 352 559 differebam.
393 517 466 558 sed
484 516 591 557 mihi
612 531 704 558 sero
726 516 908 570 quidem,
934 516 1042 557 serio
1069 519 1211 557 tamen
1238 515 1439 556 subuenit

97 577 148 618 ad
180 576 386 618 auxilium
420 575 543 617 ciuile
577 575 793 617 decurrere
832 578 873 616 et
913 575 1164 628 interposito
1204 574 1436 615 uenerabili

96 635 300 690 principis
331 635 501 676 nomine
539 637 605 676 tot
636 634 848 676 aerumnis
886 649 952 675 me
990 633 1180 675 liberare.
1244 648 1339 675 cum
1371 634 1438 675 de-

96 695 223 749 nique
249 695 334 735 iam
359 694 451 735 luce
478 693 712 735 clarissima
738 693 880 734 uicum
910 694 1160 759 quempiam
1173 693 1439 747 frequentem

97 757 138 795 et
169 754 369 795 nundinis
403 753 606 794 celebiem
639 752 976 807 praete17iremus
1009 752 1119 793 inter
1150 752 1264 806 ipsas
1297 752 1436 793 turbe-

94 813 175 867 las,
220 812 477 854 Graecorum
521 812 704 867 genuino
749 826 962 865 sermone,
1011 826 1165 852 nomen
1209 814 1438 866 augustum

61 887 64 892 ¹
96 872 284 914 Caesaris
316 872 513 912 inuocare
544 871 751 925 temptaui
784 874 825 912 et
857 869 891 911 O
925 871 1095 925 quidem
1129 870 1334 925 [tantum]
1375 870 1433 910 di-

95 934 255 972 sertum
287 946 334 972 ac
364 930 552 971 ualidum
579 930 806 983 clamitaui,
838 930 1048 984 reliquum
1076 933 1217 970 autem
1244 928 1435 970 Caesaris

94 1005 247 1032 nomen
279 990 497 1031 enuntiare
528 1005 613 1031 non
645 990 776 1044 potui.
828 989 1041 1043 aspernati
1072 989 1259 1030 latrones
1286 988 1437 1029 clamo-

61 1068 75 1091 5
95 1065 183 1091 rem
228 1049 433 1091 absonum
477 1064 636 1103 meum,
684 1049 904 1090 caedentes
950 1048 1050 1089 hinc
1094 1048 1190 1089 inde
1233 1047 1437 1089 miserum

96 1109 257 1150 corium
288 1123 365 1150 nec
397 1108 546 1149 cribris
578 1108 662 1149 iam
695 1108 893 1148 idoneum
925 1107 1183 1161 relinquunt.
1241 1106 1313 1147 sed
1348 1109 1438 1147 tan-

97 1168 190 1209 dem
210 1167 316 1208 mihi
336 1167 597 1221 inopinatam
624 1166 803 1208 salutem
830 1165 1022 1220 Iuppiter
1048 1166 1119 1207 ille
1145 1165 1307 1206 tribuit.
1340 1180 1438 1206 nam

98 1241 191 1267 cum
223 1226 379 1267 multas
412 1226 582 1266 uillulas
615 1228 657 1266 et
689 1240 805 1266 casas
832 1225 993 1279 amplas
1019 1225 1312 1279 praeterimus,
1342 1224 1437 1265 hor-

98 1285 235 1326 tulum
257 1285 467 1339 quendam
492 1284 692 1338 prospexi
718 1284 822 1325 satis
843 1299 1079 1338 amoenum,
1104 1284 1149 1324 in
1170 1298 1253 1338 quo
1274 1286 1441 1338 praeter

100 1347 258 1385 ceteras
297 1347 439 1399 gratas
476 1343 675 1384 herbulas
712 1358 832 1384 rosae
870 1343 1059 1398 uirgines
1097 1343 1308 1383 matutino
1346 1357 1440 1383 rore

97 1403 314 1444 florebant.
345 1403 413 1444 his
445 1402 614 1444 inhians
646 1405 688 1444 et
725 1417 798 1456 spe
837 1402 987 1443 salutis
1021 1402 1077 1456 [p.
1102 1401 1169 1442 56.
1196 1401 1265 1455 E]
1305 1400 1441 1442 alacer

96 1477 143 1503 ac
172 1462 309 1503 laetus
340 1462 515 1515 propius
548 1462 716 1502 accessi.
761 1461 945 1515 dumque
978 1461 1060 1501 iam
1087 1460 1212 1501 labiis
1244 1460 1438 1501 undanti-

96 1522 174 1563 bus
207 1521 382 1575 adfecto,
414 1520 638 1562 consilium
670 1535 737 1561 me
769 1520 885 1561 subit
909 1520 1036 1574 longe
1063 1519 1289 1573 salubrius,
1321 1535 1373 1560 116
1401 1520 1434 1560 si

97 1595 263 1621 rursum
307 1580 424 1620 asino
468 1582 631 1620 remoto
674 1579 889 1633 prodirem
933 1579 978 1619 in
1021 1578 1220 1631 Lucium,
1265 1578 1439 1619 euidens

97 1639 273 1680 exitium
314 1639 424 1680 inter
466 1653 616 1679 manus
658 1638 873 1679 latronum
917 1638 1171 1679 offenderem
1216 1638 1284 1679 uel
1335 1638 1437 1678 artis

97 1698 283 1753 magicae
308 1699 592 1739 criminatione
617 1697 685 1738 uel
711 1697 856 1738 indicii
882 1697 1017 1738 futuri
1042 1697 1299 1750 suspectione.
1338 1700 1438 1737 tunc

98 1757 230 1812 igitur
249 1772 272 1797 a
296 1757 416 1810 rosis,
442 1760 483 1798 et
510 1756 679 1810 quidem
704 1756 952 1810 necessario,
972 1756 1207 1810 temperaui
1233 1759 1274 1796 et
1295 1770 1437 1797 casum

97 1819 360 1870 praesentem
392 1816 577 1857 tolerans
611 1815 653 1856 in
687 1816 793 1856 asini
825 1815 976 1856 faciem
1009 1815 1130 1856 frena
1162 1815 1371 1856 rodebam.

196 1960 211 1989 1
247 1955 490 2000 spectandum
525 1963 554 1996 φ
677 1959 696 1989 6
735 1955 830 1990 serio
862 1955 889 1988 F
927 1956 964 1999 (i.
992 1966 1035 1988 m.
1063 1954 1206 1999 sedulo)
1245 1953 1374 1988 sedulo
1407 1962 1437 1995 φ

102 2007 118 2037 7
152 2003 274 2037 cubile
306 2003 404 2045 Ρφὸ
411 2014 436 2046 g
543 2006 585 2035 12
624 2002 802 2048 [tantum]
835 2003 981 2045 seclusi,
1013 2013 1056 2036 ea}
1088 2004 1225 2036 153.17
1251 2001 1442 2045 inrepsisse

103 2052 248 2085 uidetur
350 2053 393 2083 20
423 2049 602 2083 herbasas
634 2049 679 2082 F¹
722 2049 897 2084 herbulas
923 2058 953 2092 φ
985 2050 1029 2092 et.
1057 2052 1112 2084 52
1129 2053 1170 2083 27
1275 2047 1440 2092 uirgines

102 2099 179 2133 edd.
218 2097 389 2142 uigentes
429 2096 565 2130 Cornel.
604 2097 680 2131 coll
718 2097 860 2132 Lucret.
887 2096 931 2132 Π
959 2099 1024 2130 361
1173 2100 1214 2130 21
1256 2096 1297 2118 ’Μ’
1338 2098 1375 2129 et
1413 2108 1440 2137 φ

103 2149 145 2179 22
165 2144 300 2193 giprius
314 2144 341 2177 F
416 2147 460 2177 24
479 2142 615 2195 Cpdire
605 2155 644 2177 1n
658 2142 787 2177 luciliu
801 2144 845 2177 F¹
870 2143 1008 2197 &dire
997 2155 1036 2177 1n
1050 2142 1180 2177 luciliu
1193 2154 1251 2177 me
1266 2142 1396 2176 uidens
1412 2155 1440 2185 φ

102 2193 124 2226 z·
151 2204 195 2227 m.
223 2203 251 2226 c.
277 2191 445 2239 &diremi
471 2189 571 2224 luciu
655 2194 698 2224 26
724 2190 1042 2226 criminatione—
1058 2190 1291 2235 suspectione
1318 2189 1442 2223 Rohde

103 2237 336 2283 suspectione
350 2259 394 2263 —-
407 2236 664 2271 criminatione
683 2239 761 2272 cdd.
783 2239 871 2282 (wisi
889 2239 983 2283 quod
1003 2239 1057 2282 dg
1075 2239 1205 2272 habent
1218 2235 1354 2280 suspim
1345 2235 1442 2279 0116)

104 2289 146 2320 28
172 2285 276 2320 frena
306 2286 396 2320 0ch
429 2284 538 2319 foena
565 2284 592 2317 F
623 2284 707 2318 fena
735 2287 828 2329 qoffg
862 2285 951 2319 furti
978 2297 1002 2329 g
