1591 2556
557 97 658 133 CAP.
684 90 936 132 XXI—XXIII
1340 99 1426 140 205

82 197 299 238 firmatum
332 195 461 236 animi
500 196 729 236 amatorem
768 193 888 234 illum
922 193 1102 235 alacrem
1135 194 1426 236 uadimonium

84 254 249 296 sistam’
281 257 323 295 et
354 254 527 308 insuper
559 253 750 295 condicta
788 253 1030 306 uespertina
1062 253 1325 307 regressione
1358 269 1425 295 cu-

84 313 226 355 biculo
258 313 440 354 facessit.

173 372 232 413 At
251 372 402 426 pudica
429 386 536 413 uxor
561 371 705 412 statim
731 385 854 412 cenas
881 370 1053 411 saliares
1075 373 1302 425 comparat,
1328 371 1429 411 uina

48 452 66 478 5
86 432 272 486 pretiosa
304 431 502 485 010100οπ,
540 430 757 485 pulmenta
794 430 979 471 recentia
1010 429 1187 471 tuccetis
1221 432 1429 484 temperat

86 505 231 532 mensa
272 490 448 545 largiter
491 490 707 530 instructa.
783 488 962 543 denique
1007 491 1055 529 ut
1099 489 1164 530 dei
1209 489 1427 530 cuiusdam

87 549 311 603 aduentus,
350 549 409 590 310
445 551 690 603 expectatur
722 547 912 589 adulteri.
976 563 1072 588 nam
1111 551 1153 588 et
1191 550 1430 602 opportune

86 609 264 649 maritus
297 608 400 649 foris
434 608 545 662 apud
575 622 745 648 naccam
777 607 1020 660 proximum
1054 607 1276 648 cenitabat.
1328 620 1428 661 ergo

87 668 220 722 igitur
260 667 434 708 meridie
477 667 788 721 propinquante
825 666 961 707 helcio
1000 666 1170 706 tandem
1209 665 1429 707 absolutus

35 748 69 772 10
89 727 348 781 refectuique
386 741 529 768 secure
566 725 754 766 redditus
792 739 877 766 non
915 728 1003 766 tam
1042 724 1233 766 hercules
1271 725 1430 766 laboris

87 785 329 827 libertatem
362 785 621 840 gratulabar,
660 799 786 839 quam
820 784 931 838 quod
964 784 1162 825 reuelatis
1196 784 1429 825 luminibus

88 845 216 886 libere
250 845 336 885 iam
369 847 539 885 cunctas
577 843 837 885 facinorosae
869 843 1059 884 mulieris
1093 846 1204 884 artes
1236 857 1430 897 prospec—

90 907 179 945 tare
217 906 418 958 poteram.
481 902 544 944 sol
588 903 728 957 ipsum
774 903 943 957 quidem
982 902 1178 956 delapsus
1218 900 1433 943 Oceanum

90 963 358 1004 subterrenas
391 962 505 1003 orbis
535 962 683 1017 plagas
716 961 998 1003 inluminabat
1030 964 1072 1002 et
1103 976 1197 1002 ecce
1226 961 1432 1015 nequissi-

37 1041 70 1067 15
90 1036 181 1062 mae
214 1036 319 1062 anus
345 1021 574 1062 adhaerens
600 1021 724 1062 lateri
751 1021 999 1062 temerarius
1027 1021 1192 1061 adulter
1219 1020 1433 1073 aduentat‚

89 1095 193 1135 puer
234 1080 459 1121 admodum
501 1083 541 1120 et
583 1080 717 1120 adhuc
757 1080 920 1121 lubrico
962 1094 1166 1134 genarum
1209 1079 1432 1133 splendore

89 1139 354 1194 conspicuus,
380 1139 515 1179 adhuc
537 1139 749 1180 adulteros
770 1139 859 1192 ipse
881 1139 1102 1180 delectans.
1153 1138 1265 1179 hunc
1285 1137 1433 1179 multis

91 1198 317 1239 admodum
344 1198 472 1239 sauiis
500 1200 722 1251 exceptum
748 1197 900 1238 mulier
926 1213 1071 1239 cenam
1098 1197 1215 1238 iubet
1241 1200 1432 1251 paratam

92 1257 351 1299 adcumbere.
400 1256 557 1298 XXIII.
591 1257 663 1298 sed
694 1260 742 1297 ut
774 1257 957 1310 primum
986 1256 1269 1298 occursoriam
1295 1256 1431 1310 potio-

2 1316 4 1318 *
37 1336 72 1361 ρο
91 1331 187 1357 110111
207 1319 249 1358 et
269 1316 558 1371 inchoatimcm
586 1318 758 1370 gustum
785 1316 984 1357 extremis
1008 1316 1132 1356 labiis
1160 1315 1433 1370 contingebat

92 1375 348 1429 adulescens,
379 1375 513 1416 multo
541 1375 717 1416 celerius
744 1375 941 1428 opinione
968 1375 1133 1415 rediens
1160 1375 1338 1416 maritus
1365 1374 1434 1414 ad-

91 1437 249 1476 uentat.
311 1437 412 1475 tunc
453 1449 560 1474 uxor
600 1434 769 1488 egregia
810 1434 922 1475 diras
965 1434 1210 1475 deuotiones
1252 1434 1296 1474 in
1338 1448 1433 1474 eum

93 1493 314 1547 deprecata
351 1496 392 1534 et
431 1507 599 1534 crurum
631 1494 668 1534 ei
707 1493 891 1548 fragium
934 1493 1187 1547 abominata7
1228 1492 1431 1547 exsangui

0 1591 1 1595 ,
92 1552 318 1593 formidine
338 1552 620 1606 trepidantem
647 1552 885 1593 adulterum
911 1552 1031 1593 alueo
1058 1552 1213 1607 ligneo,
1240 1566 1323 1606 quo
1349 1552 1435 1591 fru-

1 1635 3 1658 2
39 1630 74 1656 25
94 1614 236 1652 menta
273 1611 447 1652 confusa
484 1611 657 1666 purgari
698 1614 1022 1665 consueuerant,
1066 1614 1223 1652 temere
1261 1614 1436 1664 propter

95 1670 248 1711 iacenti
280 1671 547 1724 suppositum
580 1671 800 1711 abscondit
832 1670 1105 1725 ingenitaque
1132 1670 1290 1711 astutia
1317 1669 1436 1711 dissi-

95 1729 256 1770 mulato
288 1732 407 1770 tanto
444 1729 608 1784 flagitio
640 1729 899 1783 intrepidum
931 1730 1108 1770 mentita
1146 1729 1315 1770 uultum
1346 1743 1436 1782 per-

96 1790 292 1830 contatur
324 1789 373 1829 de
404 1789 568 1842 marito,
600 1803 674 1829 cur
704 1789 852 1842 utique
884 1788 1199 1829 contubernalis
1232 1787 1436 1829 artissimi

96 1847 262 1889 deserta
294 1847 441 1888 cenula
467 1847 523 1901 [p.
543 1847 719 1901 169.E.]
747 1850 1039 1901 praematurus
1070 1847 1244 1888 adforet.
1295 1850 1338 1887 at
1364 1846 1435 1887 ille

4 1914 10 1943 l
43 1924 79 1949 30
98 1906 255 1947 dolenti
288 1921 460 1960 prorsus
494 1906 633 1947 animo
666 1906 883 1960 suspirans
916 1907 1088 1947 adsidue

193 2026 210 2055 1
238 2021 345 2055 11111111
370 2023 449 2057 cdd.
482 2021 597 2056 alium
623 2022 749 2057 Amin.
776 2023 875 2057 Izmt.
975 2022 1232 2057 uadimonium
1257 2022 1303 2056 F1
1331 2021 1439 2056 uadi-

97 2077 266 2137 moni-3132
293 2092 507 2127 uadimonio
527 2105 593 2139 my.
610 2107 637 2137 φ
659 2094 681 2127 ὃ
694 2093 733 2128 Ε.
754 2094 799 2137 cf.
815 2097 925 2128 67.17
1006 2096 1026 2127 5
1048 2098 1130 2138 post
1155 2094 1340 2137 temperat
1364 2103 1439 2126 ozon-

94 2145 176 2185 post
194 2140 377 2175 instructa
398 2142 622 2186 intewunffl't
642 2140 757 2175 Kron.
832 2144 852 2174 8
879 2140 979 2185 apud
998 2140 1164 2175 uicinum
1188 2139 1396 2184 proximum
1416 2139 1439 2172 δ

101 2190 143 2220 12
169 2187 285 2222 libere
305 2187 381 2222 iam
398 2188 498 2222 Iunc.
531 2186 627 2221 liber
646 2188 761 2222 etiam
784 2187 863 2223 cdd.
895 2187 991 2222 liber
1015 2187 1092 2222 iam
1112 2188 1235 2222 Rohde
1313 2190 1357 2220 20
1383 2185 1438 2219 in-

99 2234 316 2269 choatiuum
339 2236 468 2279 scripsi
510 2234 726 2269 inchoatum
749 2236 827 2270 cdd.
943 2239 988 2269 23
1021 2234 1055 2269 01
1080 2236 1211 2279 scripsi
1253 2233 1331 2268 eius
1358 2234 1436 2268 cdd.

100 2281 360 2326 crurifragium
398 2282 525 2316 Heius.
648 2281 862 2316 obominata
897 2283 1045 2318 Wower.
1080 2280 1295 2316 adominata
1334 2280 1436 2324 Lips.

101 2331 145 2362 25
171 2331 326 2363 contusa
357 2329 520 2364 Wassius
