1591 2556
633 98 733 134 CAP.
759 96 927 133 vni—X
1371 101 1457 142 259

111 213 208 252 pem
239 197 530 251 propitiantes.
592 195 869 249 symphoniae
903 195 1053 236 dehinc
1085 210 1248 250 suaues,
1286 197 1454 239 fistulae

112 257 326 310 tibiaeque
357 254 540 296 modulis
573 254 830 295 dulcissimis
861 254 1156 308 personabant.
1220 270 1289 295 eas
1319 270 1455 297 amoe-

112 330 191 357 nus
239 314 493 356 lectissimae
543 313 778 354 iuuentutis
825 316 941 354 ueste
985 313 1110 354 niuea
1154 316 1195 354 et
1238 315 1456 356 cataclista

110 374 351 429 praenitens
393 372 649 427 sequebatur
689 372 859 426 chorus,
904 387 1071 413 carmen
1112 376 1341 414 uenustum
1380 375 1455 415 ite-

74 450 89 475 5
109 435 267 487 rantes,
309 432 423 486 quod
454 431 732 473 Camenarum
772 431 918 472 fauore
956 431 1106 473 sollers
1143 434 1269 485 poeta
1307 434 1453 475 modu-

107 492 219 533 latus
263 491 467 545 edixerat,
518 491 630 545 quod
680 493 977 545 argumentum
1028 491 1236 532 referebat
1280 491 1452 533 interim

107 551 315 591 maiorum
365 552 730 591 antecantamenta
778 552 988 591 uotorum.
1063 550 1181 591 ibant
1231 552 1273 591 et
1324 550 1453 592 dicati

105 623 260 665 magno
294 608 443 663 Sarapi
474 609 686 663 tibicines,
724 609 797 663 qui
828 624 903 662 per
941 609 1126 650 oblicum
1159 609 1368 650 calamum
1400 611 1453 651 ad

107 683 250 710 aurem
299 670 541 722 porrectum
591 668 647 722 [p.
680 668 776 708 211.
809 667 878 722 E]
930 668 1146 709 dextera-m
1195 668 1450 710 familiarem

50 744 85 770 ιο
103 727 253 782 templi
279 727 428 782 deique
460 727 679 768 modulum
710 727 1050 781 frequentabant,
1081 730 1123 768 et
1153 727 1345 782 plerique
1378 729 1452 782 qui

102 787 269 828 facilem
302 787 430 828 sacris
468 786 581 827 uiam
619 786 708 826 dari
740 786 1041 840 praedicarent.
1102 785 1153 826 X.
1186 789 1287 827 tunc
1326 786 1448 828 influ-

102 849 181 887 unt
199 846 347 887 turbae
368 845 497 886 sacris
519 845 674 886 diuinis
694 845 898 899 initiatae,
921 845 1003 886 uiri
1022 845 1287 899 feminaeque
1309 847 1447 887 omnis

103 905 323 960 dignitatis
356 907 398 946 et
429 904 566 945 omnis
598 904 748 945 aetatis
780 904 934 945 linteae
967 904 1099 945 uestis
1126 905 1305 945 candore
1338 919 1447 958 puro

101 964 318 1018 luminosi,
356 963 453 1004 illae
489 963 667 1017 limpido
700 964 885 1018 tegmine
923 964 1060 1005 crines
1091 963 1283 1004 madidos
1318 964 1449 1005 obuo-

47 1039 82 1065 15
100 1022 227 1077 lutae,
256 1022 302 1063 hi
335 1022 534 1076 capillum
568 1022 703 1063 derasi
735 1022 928 1063 funditus
960 1023 1119 1064 uertice
1146 1023 1446 1078 praenitentes,

6 1078 7 1082 ¹
102 1080 296 1138 [magnae
328 1081 546 1135 religionis
578 1083 746 1122 terrena
777 1081 951 1135 sidera],
990 1081 1122 1122 aereis
1158 1084 1200 1122 et
1232 1083 1447 1136 argenteis

100 1142 229 1182 immo
261 1155 361 1181 uero
394 1141 531 1181 aureis
564 1141 691 1181 etiam
724 1140 861 1181 sistris
894 1143 1092 1195 argutum
1119 1140 1322 1181 tinnitum
1350 1155 1448 1182 con-

100 1202 346 1254 strepentes.
409 1199 482 1240 sed
512 1198 603 1253 <et>
639 1213 814 1253 maynae
849 1199 1060 1253 4νεῑίφίοηὶε
1098 1202 1258 1241 terrena
1295 1200 1446 1254 sidera,

100 1259 312 1299 antistites
338 1272 553 1309 sacrorum
573 1272 766 1312 proceres
792 1258 868 1312 illi,
895 1259 967 1312 qui
994 1258 1170 1299 candido
1196 1258 1444 1300 linteamine

8 1330 9 1336 ¹
45 1334 80 1359 20
100 1318 284 1359 cinctum
324 1317 579 1371 pectoralem
619 1318 776 1358 astricti
813 1318 864 1358 ad
902 1332 1035 1371 usque
1076 1317 1259 1372 uestigia
1297 1318 1444 1358 iniecti

0 1379 2 1382 ’
98 1376 492 1430 potentissimorum
534 1376 657 1417 deum
701 1376 994 1430 praeferebant
1034 1376 1213 1431 insignis
1255 1377 1442 1417 exuuias.

99 1449 280 1490 quorum
311 1435 474 1489 primus
505 1435 721 1476 lucernam
754 1435 865 1476 claro
897 1436 1225 1489 praemicantem
1256 1436 1443 1489 porrige-

98 1495 171 1536 bat
200 1494 378 1548 lumine,
420 1509 505 1535 non
544 1494 656 1547 adeo-
683 1495 841 1536 nostris
879 1494 964 1535 illis
1008 1494 1289 1548 consimilem,
1334 1509 1442 1548 quae

98 1554 361 1607 uespertinas
405 1553 646 1594 illuminant
690 1553 853 1607 epulas,
897 1554 970 1595 sed
1014 1568 1186 1594 aureum
1226 1553 1442 1607 cymbium

44 1628 78 1654 25
98 1613 235 1653 medio
268 1613 333 1654 sui
364 1615 509 1666 patore
541 1613 802 1653 flammulam
839 1613 1047 1654 suscitans
1079 1612 1318 1667 largiorem.
1382 1627 1443 1653 se-

98 1671 259 1712 cundus
296 1671 454 1712 uestitu
493 1672 663 1726 quidem
701 1672 853 1713 similis
891 1672 964 1713 sed
1000 1672 1196 1713 manibus
1237 1671 1444 1713 ambabus

98 1730 271 1785 gerebat
314 1730 464 1771 altaria
507 1731 570 1785 [id
614 1740 677 1772 est
718 1730 893 1785 auxilia]
935 1731 1088 1785 quibus
1130 1745 1284 1772 nomen
1326 1730 1443 1771 dedit

96 1869 247 1904 luminis
262 1870 364 1916 myst?
390 1869 532 1904 facticii
546 1870 697 1904 luminis
710 1870 813 1905 Corn.
835 1870 858 1905 f.
874 1870 1096 1904 luminosam
1107 1869 1177 1904 Lu.
1236 1873 1297 1904 23
1319 1881 1441 1917 amem

97 1916 125 1951 F
216 1921 236 1950 3
264 1917 375 1951 catha
401 1917 520 1961 clysta
545 1917 573 1951 F
624 1917 847 1952 cathaclista
883 1919 905 1952 ὃ
954 1916 1151 1952 cataclista
1177 1930 1204 1960 φ
1331 1921 1374 1951 10
1401 1919 1439 1951 et

96 1963 263 2008 plerique
295 1964 359 2008 qui
390 1964 487 2008 Ε’φὸ
534 1967 576 1998 ut
606 1964 709 2009 plebi
741 1964 873 2008 cuique
905 1965 945 1999 Ε.
995 1964 1170 2009 plebique
1203 1964 1268 2008 qui
1302 1965 1441 2007 Roloecle‘,

97 2013 160 2055 qui
186 2016 335 2056 propter
366 2011 448 2046 dari
482 2017 668 2056 comparat
699 2016 776 2046 213.
800 2015 842 2046 18
941 2016 982 2045 17
1015 2011 1144 2056 systris
1170 2011 1197 2045 F
1298 2015 1340 2045 18
1375 2011 1440 2045 sed

98 2071 135 2103 et
159 2070 182 2103 ὃ
204 2070 294 2105 Oud.
334 2070 399 2105 sed
424 2070 536 2115 quE.
622 2082 780 2115 magnae
805 2070 998 2116 religionis
1023 2072 1170 2105 terrena
1197 2070 1321 2104 sidera
1346 2081 1440 2114 quae

95 2118 138 2150 in
162 2117 240 2151 cdd.
260 2118 428 2163 Zequntur
448 2122 531 2161 post
554 2118 806 2162 praenitentes
833 2120 898 2163 (as.
916 2120 973 2163 16)
998 2119 1208 2162 transposui
1226 2122 1310 2152 ante
1338 2116 1436 2150 anti-

98 2162 203 2197 stites
323 2168 364 2199 19
401 2164 461 2198 illi
497 2165 648 2208 quidem
685 2165 810 2200 Rohcle
929 2169 974 2199 20
1011 2165 1173 2199 cinctum
1206 2163 1436 2208 pectoralem

97 2210 242 2244 astricti
265 2213 394 2256 scripsi
430 2211 592 2246 cinctum
616 2212 844 2257 pectoralem
869 2213 918 2247 ad
943 2223 1059 2256 usque
1084 2211 1247 2255 uestigia
1275 2209 1436 2244 strictim

95 2257 224 2292 iniecti
248 2259 325 2293 cdd.
407 2262 450 2293 21
477 2259 740 2304 praeferebant
765 2261 788 2294 ὃ
823 2260 1063 2304 proferebant
1087 2259 1151 2303 an
1225 2256 1380 2292 exubias
1406 2257 1436 2290 F

97 2331 141 2362 24
166 2328 378 2373 uespertina
402 2329 485 2375 F¹q>
584 2316 696 2375 cybiti'
720 2330 748 2364 F
844 2335 888 2366 27
916 2330 973 2377 [id
999 2331 1055 2365 est
1080 2329 1238 2375 auxilia]
1264 2329 1330 2363 del.
1356 2327 1396 2363 Ε.

1087 2388 1153 2423 17*
