1591 2556
0 735 64 760 '10

29 1029 61 1054 15

26 1324 60 1348 20

24 1617 58 1643 25

24 1912 58 1937 30

604 88 694 123 CAP
731 83 902 122 X—XHI
1342 90 1425 131 231

174 184 268 226 ΧΠ.
302 184 371 226 Ad
402 186 531 226 istum
563 185 736 226 modum
767 184 930 225 seniore
963 184 1162 226 adorante
1194 186 1426 241 (experiri)

87 244 257 298 placuit,
289 247 330 285 et
359 244 447 285 itur
471 244 694 285 confestim
727 242 978 298 [p.189.E.]
1008 257 1163 298 magna
1189 259 1284 286 cum
1310 246 1424 287 festi-

88 303 255 345 natione
287 303 339 344 ad
370 303 476 344 illud
507 302 789 357 sepulchrum,
821 317 904 356 quo
938 317 1090 357 corpus
1118 304 1239 356 pueri
1266 304 1426 358 deposi-

88 364 177 403 tum
208 362 380 403 iacebat.
442 377 565 403 nemo
599 362 648 403 de
680 361 807 415 curia,
839 361 889 402 de
921 362 1197 415 optimatibus
1223 378 1346 404 nemo
1380 379 1426 405 ac

87 436 138 463 ne
170 421 219 462 de
250 421 342 475 ipso
370 421 539 475 quidem
566 420 723 475 populo
750 420 986 474 quisquam,
1019 421 1092 475 qui
1118 436 1202 462 non
1228 422 1330 463 illuc
1359 438 1425 463 cu-

86 480 196 521 riose
227 480 489 521 confluxerit.
539 494 632 521 ecce
662 482 782 533 pater
807 479 895 520 suis
921 480 1011 533 ipse
1037 480 1232 522 manibus
1259 496 1425 536 cooper-

86 538 180 579 culo
213 539 352 593 capuli
384 541 546 580 remoto
584 538 851 580 commodum
885 538 1075 580 discusso
1106 540 1325 582 mortifero
1364 556 1426 582 so-

84 612 186 651 pore
218 601 462 653 surgentem
499 597 761 652 postliminio
799 598 949 638 mortis
983 598 1258 652 deprehendit
1289 600 1425 641 filium

85 671 264 711 eumque
290 657 533 712 complexus
560 657 771 697 artissime
797 657 938 697 uerbis
966 657 1102 711 impar
1127 658 1285 713 <pr-ae>
1310 675 1426 713 prae-

84 716 194 756 senti
220 717 374 770 gaudio
400 716 596 770 producit
622 715 674 756 ad
698 715 904 769 populum
931 719 1068 770 atque,
1100 720 1148 758 ut
1174 720 1263 758 erat
1290 718 1425 760 adhuc

82 774 283 816 feralibus
316 775 507 816 amiculis
538 775 758 816 instrictus
792 778 917 829 atque
950 775 1138 829 obditus‚
1177 777 1426 830 deportatur

83 833 135 874 ad
175 834 378 875 iudicium
422 849 536 888 puer.
599 834 766 888 iamque
810 833 973 888 liquido
1019 835 1132 876 serui
1174 837 1424 890 nequissimi

82 895 208 947 atque
240 893 430 934 mulieris
462 893 677 947 nequioris
714 893 938 947 patefactis
972 893 1202 935 sceleribus
1233 896 1425 948 procedit

82 951 125 991 in
155 952 340 993 medium
367 952 479 992 nuda
504 952 661 993 ueritas
688 955 730 992 et
754 966 958 993 nouercae
982 953 1153 1006 quidem
1172 958 1424 1008 perpetuum

82 1010 283 1051 indicitur
320 1011 512 1065 exilium,
557 1026 704 1052 seruus
748 1026 848 1052 uero
889 1011 1082 1065 patibulo
1128 1013 1346 1068 suffigitur
1383 1017 1425 1055 et

82 1070 272 1110 omnium
304 1084 510 1111 consensu
542 1070 652 1111 bono
684 1070 848 1111 medico
881 1070 1080 1111 sinuntur
1111 1072 1238 1126 aurei,
1275 1087 1423 1127 oppor-

81 1128 175 1169 tuni
215 1129 352 1169 somni
392 1129 588 1183 pretium.
657 1132 699 1169 et
739 1128 853 1170 1111115
896 1130 1065 1183 quidem
1110 1131 1221 1172 senis
1261 1131 1424 1173 famosa

81 1190 206 1241 atque
237 1187 431 1228 fabulosa
456 1188 628 1229 fortuna
652 1188 945 1241 prouidentiae
972 1189 1139 1230 diuinae
1166 1191 1422 1246 condignum

79 1246 237 1300 excipit
277 1247 455 1301 exitum,
500 1247 573 1301 qui
609 1250 824 1288 momento
863 1247 1046 1302 modico,
1091 1248 1220 1290 immo
1264 1253 1421 1304 puncto

80 1305 233 1360 exiguo
265 1308 363 1359 post
396 1306 591 1347 orbitatis
623 1306 857 1359 periculum
885 1306 1217 1348 adulescentium
1244 1309 1422 1351 duorum

79 1367 199 1418 pater
229 1368 401 1418 repente
433 1365 570 1406 factus
603 1368 677 1406 est.

165 1421 282 1464 XIII.
323 1423 382 1464 At
414 1438 492 1479 ego
519 1427 620 1465 tunc
653 1424 857 1489 temporis
884 1425 1042 1466 talibus
1069 1426 1253 1467 fatorum
1286 1428 1421 1469 flucti-

77 1481 156 1523 bus
187 1482 421 1536 uolutabar.
465 1483 587 1524 miles
619 1482 691 1524 ille
718 1483 791 1537 qui
822 1498 889 1524 me
920 1484 1039 1525 nullo
1072 1486 1279 1527 uendente
1311 1501 1420 1528 com-

78 1544 301 1594 parauerat
344 1544 386 1582 et
429 1542 518 1583 sine
567 1542 705 1596 pretio
750 1557 873 1583 suum
923 1543 1091 1597 fecer7at
1141 1545 1303 1586 tribuni
1353 1547 1419 1587 sui

78 1603 300 1654 praecepto
352 1601 541 1642 debitum
592 1601 805 1642 sustinens
852 1601 1102 1656 obsequium
1152 1604 1317 1645 litteras
1369 1606 1421 1646 ad

78 1672 279 1713 magnum
312 1660 490 1713 scriptas
523 1660 758 1715 principem
787 1660 967 1701 Romam
999 1676 1148 1703 uersus
1180 1663 1420 1717 perlaturus

78 1717 229 1758 uicinis
261 1733 329 1759 me
356 1718 608 1772 quibusdam
636 1719 800 1760 duobus
828 1720 961 1760 seruis
993 1720 1197 1762 fratribus
1224 1723 1419 1764 undecim

78 1776 259 1817 denariis
298 1777 499 1818 uendidit.
555 1777 623 1818 his
657 1781 746 1819 erat
785 1778 902 1819 diues
942 1779 1169 1821 admodum
1211 1781 1417 1823 dominus.

79 1838 121 1876 at
153 1835 323 1876 illorum
356 1835 462 1877 alter
492 1836 630 1890 pistor
656 1836 897 1892 dulciarius,
931 1838 1003 1892 qui
1029 1854 1157 1892 panes
1185 1843 1226 1880 et
1256 1840 1419 1882 mellita

78 1894 357 1935 concinnabat
389 1895 538 1949 edulia,
571 1895 677 1936 alter
709 1910 845 1949 cocus,
878 1897 951 1950 qui
983 1898 1264 1951 sapidissimis
1296 1900 1417 1941 intri-

77 1953 230 1994 mentis
282 1968 458 1994 sucuum
508 1954 726 2008 pulmenta
777 1955 946 1996 condita
995 1971 1151 2011 uapore
1208 1958 1414 2000 mollibat.

172 2108 189 2137 1
225 2104 439 2150 (experiri)
473 2105 611 2139 insani
712 2110 732 2139 3
766 2117 830 2150 sep
833 2092 963 2140 ulchru
994 2107 1022 2140 F
1131 2113 1149 2143 9
1185 2109 1328 2156 <prae>
1361 2112 1415 2144 ἰ’φι-

75 2151 172 2185 serm·
267 2155 307 2185 11
348 2152 566 2196 deportatur
602 2151 699 2196 Ἑφὸ
743 2153 959 2198 deportatus
999 2154 1039 2190 Ε
1140 2160 1253 2191 16.17
1286 2168 1416 2201 oppor-

76 2223 187 2255 tunus
207 2221 244 2255 oi
268 2221 315 2255 ΕΙ
344 2224 546 2265 oportunus
568 2221 642 2256 omi
668 2236 695 2265 φ
783 2227 824 2258 18
851 2223 983 2259 fabosa
1008 2225 1074 2268 Εφ
1161 2230 1214 2261 23,
1232 2231 1275 2261 24
1302 2212 1415 2274 adras-

75 2269 320 2349 {Zlsszzazlrat
358 2268 403 2302 F¹
533 2272 576 2303 25
615 2268 748 2304 sistens
781 2271 878 2306 Prae.
915 2273 959 2315 ef.
988 2276 1129 2307 18312
1235 2278 1279 2308 30
1316 2275 1417 2309 ῦ6111-
