1591 2556
156 59 239 101 184
704 59 833 94 LIBRI
858 60 942 94 Vm

153 156 226 209 qui
255 155 361 196 foris
389 156 559 210 quidem
586 156 1013 211 circumgestantibus
1040 157 1158 198 deam
1185 171 1315 198 cornu
1341 171 1489 198 canens

153 214 469 269 adambulabat,
511 214 624 255 domi
665 229 766 256 uero
813 216 1045 269 promiscui
1086 216 1226 270 operis
1266 215 1489 270 partiarius

154 273 306 327 agebat
355 274 625 315 concubinus.
687 274 756 315 hic
805 289 871 315 me
928 274 1055 315 simul
1105 275 1218 316 domi
1274 274 1490 329 conspexit

152 332 346 387 libenter,
378 333 583 387 adpositis
614 333 789 388 largiter
818 334 999 387 cibariis,
1031 334 1218 389 gaudens
1250 333 1490 387 adloquitur

156 392 378 433 'uenistine
409 392 578 432 tandem
609 392 836 433 miserrimi
868 393 1025 433 laboris
1052 393 1267 434 uicarius‘?
1317 392 1385 433 sed
1417 392 1489 433 diu
1526 409 1542 436 5

153 451 276 491 uiuas
303 454 344 492 et
370 451 553 491 dominis
577 450 744 504 placeas
770 454 811 492 et
841 452 946 492 meis
974 452 1147 493 defectis
1173 452 1257 493 iam
1288 451 1488 493 lateribus
1525 497 1528 501 ,

154 509 376 551 consulas?
417 509 520 551 haec
552 510 724 551 audiens
757 511 840 551 iam
873 526 986 551 meas
1019 511 1186 552 futuras
1218 525 1346 552 nouas
1378 510 1490 564 cogi-

153 569 295 609 tabam
328 583 560 609 aerumnas.

241 626 419 668 XXVII.
468 627 548 668 Die
581 628 774 682 sequenti
813 629 943 669 uariis
976 628 1188 670 coloribus
1220 628 1418 670 indusiati
1449 631 1492 669 et

154 686 399 727 deformiter
425 687 604 741 quisque
629 687 812 741 formati,
843 688 949 728 facie
976 702 1153 729 caenoso
1182 688 1398 743 pigmento
1425 687 1490 728 de·
1509 706 1544 731 10

152 745 230 786 lita
260 749 302 786 et
334 745 466 786 oculis
505 746 700 787 obunctis
738 746 937 801 graphice
974 747 1202 802 prodeunt,
1238 746 1410 788 mitellis
1450 748 1492 788 et

153 804 334 846 crocotis
378 808 420 846 et
464 805 694 846 carbasinis
731 808 773 846 et
816 806 1082 859 bombycinis
1123 806 1281 859 iniecti,
1319 805 1491 859 quidam

153 864 317 904 tunicas
364 863 479 904 albas
524 864 567 904 in
610 864 782 905 modum
830 864 1107 906 lanciolarum
1152 878 1492 919 quoquouersum

153 923 308 964 fluente
340 937 527 977 purpura
560 923 746 976 depictas
773 923 942 978 cingulo
970 924 1185 979 subligati,
1215 923 1338 978 pedes
1363 923 1492 965 luteis

155 982 309 1023 inducti
340 981 501 1022 calceis.
538 982 658 1022 deam
684 983 861 1036 denique
887 983 1020 1024 serico
1048 986 1279 1025 contectam
1307 981 1488 1023 amiculo
1509 999 1544 1025 15

154 1040 259 1082 mihi
285 1041 512 1095 gerendam
538 1041 763 1094 imponunt
788 1041 1057 1095 brachiisque
1083 1042 1171 1083 suis
1196 1056 1339 1083 umero
1365 1044 1490 1083 tenus

153 1100 387 1153 renudatis,
443 1099 693 1140 adtollentes
743 1100 948 1141 immanes
1004 1100 1167 1155 gladios
1217 1115 1265 1142 ac
1313 1115 1492 1154 secures,

153 1162 326 1200 euantes
365 1158 567 1199 exsiliunt
604 1159 808 1199 incitante
848 1159 977 1200 tibiae
1019 1163 1144 1201 cantu
1183 1158 1491 1213 lymphaticum

154 1218 399 1272 tripudium.
455 1232 531 1259 nec
562 1218 708 1271 paucis
746 1219 972 1272 pererratis
1005 1219 1158 1260 casulis
1196 1218 1248 1259 ad
1282 1218 1492 1272 quandam

154 1277 301 1318 uillam
349 1277 606 1330 possessoris
655 1277 769 1318 beati
818 1278 1072 1331 perueniunt
1115 1281 1156 1319 et
1198 1278 1249 1318 ab
1297 1277 1491 1332 ingressu
1511 1296 1546 1320 20

153 1337 291 1390 primo
335 1336 481 1376 statim
525 1336 696 1376 absonis
738 1336 972 1378 ululatibus
1017 1339 1330 1391 constrepentes
1378 1336 1491 1377 fana-

156 1396 213 1450 [p.
231 1394 408 1449 152.E.]
442 1395 524 1436 tice
561 1395 785 1448 prouolant
826 1396 981 1450 diuque
1020 1396 1153 1450 capite
1194 1395 1376 1436 demisso
1409 1410 1491 1437 cer-

153 1455 269 1495 uices
300 1454 474 1495 lubricis
502 1454 794 1508 intorquentes
823 1455 1011 1496 motibus
1038 1455 1255 1508 crinesque
1286 1454 1492 1508 pendulos

154 1514 198 1554 in
236 1513 439 1555 circulum
477 1515 664 1554 rotantes
698 1517 739 1554 et
776 1528 860 1554 non
897 1529 1111 1568 nunquam
1142 1513 1354 1554 morsibus
1392 1527 1492 1554 suos

154 1573 417 1613 incursantes
437 1571 663 1625 musculos,
690 1572 740 1613 ad
760 1576 1023 1626 postremum
1044 1573 1216 1626 ancipiti
1241 1572 1352 1614 ferro
1379 1571 1492 1626 quod
1511 1590 1545 1616 25

155 1632 370 1686 gerebant,
396 1645 472 1671 sua
492 1631 670 1684 quisque
689 1631 862 1672 brachia
883 1632 1091 1673 dissicant.
1131 1632 1242 1673 inter
1259 1631 1363 1672 haec
1382 1645 1492 1672 unus

155 1706 205 1731 ex
245 1690 329 1731 ilh's
368 1689 598 1730 bacchatur
629 1690 804 1731 effusius
836 1706 882 1732 ac
915 1691 964 1732 de
1002 1691 1097 1732 imis
1129 1690 1385 1745 praecordiis
1423 1705 1492 1731 an-

154 1750 312 1791 helitus
351 1748 519 1790 crebros
556 1749 758 1803 referens,
790 1750 909 1791 uelut
939 1750 1124 1791 numinis
1157 1750 1301 1791 diuino
1339 1749 1493 1803 spiritu

251 1869 281 1899 2.
298 1869 318 1899 3
350 1864 553 1909 partiarius
569 1865 854 1900 ——concubinus
886 1867 962 1901 Pet.
989 1878 1067 1902 cum
1093 1867 1169 1901 cdd.
1214 1864 1415 1910 partiarius
1447 1864 1494 1898 F¹

154 1911 353 1958 partiarios
380 1912 462 1956 F‘2q)
476 1912 517 1946 E.
569 1912 795 1948 concubinus
821 1913 904 1957 F1q2
944 1912 1159 1947 concubitus
1185 1912 1287 1947 F2E.
1385 1916 1405 1946 5
1431 1923 1494 1946 ue-

154 1959 292 1995 nistine
317 1961 448 2003 scripsi
484 1959 622 1993 uenisti
648 1961 726 1995 edd.
803 1964 843 1994 11
871 1960 1004 2004 grafice
1030 1960 1058 1994 F
1083 1961 1128 2003 cf.
1156 1963 1234 1994 201.
1250 1963 1294 1994 25
1369 1963 1412 1994 15
1438 1959 1494 1993 in-

156 2006 259 2042 ducti
283 2006 374 2042 Oucl.
396 2007 512 2041 Kron.
539 2006 663 2041 induti
688 2008 766 2042 cdd.
794 2008 839 2050 cf.
854 2011 909 2042 35.
926 2011 984 2050 233
1014 2011 1168 2051 167.10;
1194 2009 1308 2040 210.1
1336 2006 1495 2041 Florida

154 2067 181 2090 e.
205 2059 224 2088 9
246 2066 284 2099 p.
307 2058 361 2088 10.
385 2057 427 2087 19
448 2054 516 2088 Kr.
539 2059 622 2097 post
647 2053 781 2088 calceis
806 2056 1035 2099 Δίνιΐενριιηαιή,
1059 2059 1138 2099 post
1163 2053 1292 2088 iniecti
1319 2055 1391 2098 (12)
1416 2065 1493 2088 sen·

155 2103 305 2138 tentiam
341 2102 559 2136 continuam
704 2101 812 2136 deam
844 2101 1060 2148 <deni>que
1091 2102 1152 2136 BZ.
1202 2100 1382 2144 deamque
1413 2101 1492 2136 edd.

157 2154 200 2184 18
227 2150 380 2183 euantes
408 2161 434 2191 φ
479 2147 647 2182 leuantes
675 2148 702 2182 F
729 2150 803 2193 (sed
827 2148 840 2182 l
864 2150 905 2184 in
931 2160 1000 2184 ras.
1029 2161 1070 2183 m.
1098 2149 1141 2193 r.)
1168 2149 1191 2182 ὃ
1287 2151 1330 2181 22
1361 2158 1495 2193 prouo-

155 2220 237 2254 lant
274 2220 478 2254 Scr'iuerz'us
526 2218 705 2264 *puolant
742 2219 770 2252 F
819 2205 975 2265 {molant
1012 2233 1039 2264 φ
1083 2219 1128 2262 cf,
1163 2222 1322 2262 154.11;
1356 2221 1434 2253 161.
1455 2221 1493 2262 83

157 2294 234 2324 170.
257 2293 300 2323 23
399 2294 441 2323 25
467 2274 651 2324 ωέεουΙΟΞ
678 2303 705 2333 φ
731 2291 775 2332 cf.
804 2294 858 2324 33.
880 2294 922 2323 29
1020 2301 1063 2324 ac
1087 2291 1314 2334 postremum
1340 2302 1367 2333 φ
