1591 2556
546 88 646 123 CAP.
673 88 859 122 VIII—XI
876 100 878 104 ¹
1287 90 1307 129 1
1315 89 1370 129 25

8 188 10 250 i
115 186 164 226 X.
220 185 301 226 His
339 185 463 226 editis
501 184 664 225 inuolat
696 199 787 225 eam
826 187 1072 238 uestemque
1104 185 1369 238 plurifariam

8 245 221 301 diloricat
253 244 488 298 capilloque
521 243 695 298 discisso
729 246 771 284 et
803 243 939 297 capite
968 247 1248 297 conquassato
1276 258 1367 299 gra-

8 304 137 362 111161·
168 303 324 358 affligit
355 305 397 343 et
429 303 631 343 accersito
664 302 878 343 frumento
911 305 953 343 et
982 302 1141 342 hordeo
1175 306 1217 343 et
1248 303 1367 344 milio

8 365 69 404 61
105 377 313 417 papauere
351 364 393 403 et
434 362 565 402 cicere
603 364 645 402 et
675 361 787 402 lente
826 364 868 402 et
905 361 1003 401 faba
1043 361 1369 416 commixtisque

8 421 256 463 aceruatim
295 420 482 462 confusis
520 420 563 460 in
601 435 733 461 unum
772 420 1017 475 grumulum
1059 420 1119 461 sic
1161 421 1212 460 ad
1253 420 1366 461 illam

7 481 200 553 ‘uideris
232 480 343 521 enim
374 479 481 520 mihi
512 482 600 520 tam
634 479 835 520 deformis
868 479 1019 520 ancilla
1044 479 1161 519 nullo
1189 479 1271 519 alio
1299 480 1372 520 sed

7 542 191 600 'tantum
243 538 387 580 sedulo
438 538 674 579 ministerio
725 541 933 579 amatores
982 541 1079 579 tuos
1128 539 1371 592 promereri.

7 599 109 670 iam
142 612 241 653 ergo
275 600 316 639 et
348 598 440 651 ipsa
470 597 643 652 frugem
679 600 796 638 tuam
834 597 1118 651 periclitabor.
1181 597 1371 638 discerne

27 658 234 699 seminum
268 657 447 698 istorum
479 657 693 710 passiuam
721 657 960 711 congeriem
988 656 1253 711 singulisque
1280 670 1371 711 gra-

25 717 92 758 nis
123 717 203 758 rite
236 716 452 770 dispositis
486 719 611 770 atque
644 716 848 770 seiugatis
875 718 972 756 ante
998 716 1124 756 istam
1151 730 1371 770 uesperam

6 772 133 830 'opus
166 775 409 829 expeditum
442 775 676 828 approbato
708 774 843 815 mihi.9

6 823 8 881 1
116 833 185 875 Sic
212 834 427 889 assignato
454 836 670 874 tantorum
697 834 906 874 seminum
933 833 1101 874 cumulo
1129 834 1221 887 ipsa
1247 848 1372 874 cenae

6 893 206 934 nubtiali
234 893 451 934 concessit.
496 907 572 934 nec
598 892 763 947 Psyche
789 908 939 933 manus
967 892 1196 933 admolitur
1229 893 1370 933 incon-

6 953 139 993 dit-ae
183 952 247 993 illi
287 955 328 993 et
371 951 654 993 inextricabili
692 951 795 992 moli
839 952 912 993 sed
949 952 1213 993 immanitate
1256 967 1372 1006 prae-

29 1012 139 1065 cepti
165 1014 433 1052 consternata
459 1011 586 1052 silens
614 1011 886 1065 obstupescit.
930 1014 1031 1052 tunc
1050 1010 1274 1051 formicula
1300 1011 1374 1051 illa

6 1070 205 1125 paruula
249 1073 374 1125 atque
422 1070 608 1111 ruricula
652 1072 810 1111 certata
841 1071 870 1123 ’ξ-
924 1070 1188 1110 difficultatis
1232 1072 1374 1111 tantae

6 1115 269 1183 llaborisque
300 1130 475 1170 miserta
507 1128 821 1170 contubernalis
860 1129 1003 1183 magni
1046 1129 1112 1169 dei
1145 1144 1373 1183 socrusque

5 1175 249 1229 lsaeuitiam
288 1191 481 1229 execrata
518 1188 757 1229 discurrens
795 1188 961 1229 nauiter
999 1191 1205 1228 conuocat
1237 1202 1373 1229 corro-

5 1266 7 1296 ;
30 1250 186 1302 gatque
207 1250 401 1288 cunctam
426 1247 699 1288 formicarum
727 1247 963 1288 accolarum
990 1247 1167 1288 classem
1189 1247 1373 1288 tmisere-

5 1317 7 1334 2
30 1307 135 1347 mini
162 1309 297 1347 terrae
324 1306 627 1360 omniparentis
655 1306 786 1360 agiles
813 1306 1019 1360 alumnae,
1045 1306 1305 1346 miseremini
1333 1309 1375 1347 et

29 1364 201 1406 Amoris
234 1366 368 1419 uxori,
399 1365 564 1419 puellae
590 1365 764 1418 lepidae,
796 1365 1054 1418 periclitanti
1083 1368 1280 1419 prompta
1306 1380 1373 1406 ue-

29 1424 201 1465 locitate
228 1424 487 1465 succurrite.’
518 1427 648 1464 ruunt
674 1423 779 1464 aliae
806 1439 1014 1478 superque
1042 1423 1146 1464 aliae
1173 1424 1374 1478 sepedum

5 1483 284 1537 populorum
316 1483 451 1524 undae
484 1497 734 1536 summoque
767 1483 908 1524 studio
941 1483 1132 1537 singulae
1162 1484 1374 1538 granatim

4 1545 170 1593 totum
203 1542 401 1597 digerunt
432 1557 630 1583 aceruum
663 1542 974 1596 separatimque
1013 1542 1253 1583 distributis
1295 1543 1374 1583 dis-

4 1608 6 1627 1
32 1601 209 1655 sitisque
242 1601 466 1656 generibus
499 1616 519 1642 e
552 1604 779 1655 conspectu
812 1601 1039 1655 perniciter
1071 1601 1238 1642 abeunt.

119 1659 191 1701 XI.
234 1659 317 1701 Sed
347 1660 469 1701 initio
501 1660 638 1701 noctis
670 1675 691 1701 e
724 1660 921 1701 conuiuio
954 1660 1136 1714 nuptiali
1162 1661 1262 1701 uino
1290 1676 1374 1701 ma-

33 1719 134 1760 dens
176 1722 218 1760 et
260 1719 446 1774 fraglans
492 1719 681 1760 balsama
724 1722 947 1773 totumque
991 1719 1181 1760 reuincta
1222 1734 1374 1774 corpus

128 1875 145 1904 1
174 1870 208 1905 ei
234 1884 261 1915 φ
288 1872 390 1915 (corr.
416 1882 460 1906 eac
485 1872 580 1915 eam)
688 1874 707 1904 3
741 1870 919 1905 accersito
945 1872 1076 1915 scripsi
1116 1873 1267 1915 accepto
1294 1872 1372 1906 cdd.

4 1933 5 1966 ;
33 1921 54 1951 6
87 1917 185 1951 enim
210 1917 333 1961 inquit
359 1919 381 1952 ὃ
493 1922 514 1952 8
547 1918 668 1962 ipsam
692 1917 820 1962 Fq>3g
937 1922 979 1952 10
1012 1918 1125 1952 istam
1149 1920 1228 1953 cdd.
1255 1918 1295 1953 E.
1329 1921 1373 1961 cf.

4 1969 6 2002 1
33 1964 148 2000 Κνοη.
171 1968 215 1998 20
257 1965 378 2010 ipsam
415 1966 611 2008 Florida-3,
644 1965 763 2008 Koch,
797 1966 900 2000 Corn.
936 1966 989 2000 W.
1114 1969 1156 2000 13
1194 1965 1375 2000 nubtialis

4 2017 5 2060 ξ
32 2022 121 2047 corr.
148 2024 171 2046 a
191 2013 315 2056 prima
339 2024 383 2046 m.
411 2024 455 2047 ex
496 2011 677 2056 nuptialis
710 2013 754 2055 cf.
783 2016 836 2047 99.
854 2017 872 2047 7
969 2024 1037 2047 1166
1063 2014 1121 2057 φδ
1165 2024 1211 2047 116
1238 2013 1298 2057 Fg
1330 2014 1373 2056 cf.

4 2062 5 2074 1
684 2068 714 2084 m

4 2098 5 2106 ¹
34 2086 89 2128 58'.
105 2098 147 2128 15
246 2099 288 2129 15
321 2094 428 2131 coni?
457 2096 548 2128 nata
573 2094 600 2128 F
645 2088 752 2138 conii·
777 2097 868 2129 nata
943 2099 985 2130 16
1011 2094 1173 2129 ruricula
1199 2095 1226 2128 F
1301 2105 1376 2128 cer-

34 2141 116 2174 tata
146 2141 210 2185 an
256 2141 428 2177 certatim
459 2144 481 2176 ὃ
525 2141 659 2176 certati
690 2154 714 2186 g
745 2144 799 2187 (in
831 2157 858 2187 φ
891 2144 975 2178 add.
1002 2142 1152 2177 cereris:
1184 2154 1272 2177 num
1302 2144 1376 2185 fuit

34 2199 214 2234 cerealis?
240 2201 284 2244 cf,
311 2205 388 2236 108.
403 2206 447 2235 24
472 2200 725 2245 polentacium
752 2201 940 2246 damnum)
1014 2206 1057 2235 ‘22
1085 2212 1171 2248 sepe
1199 2201 1286 2234 dum
1311 2201 1374 2244 Fcp

36 2280 121 2314 sepe
147 2281 288 2305 summo
314 2274 368 2316 &g
402 2272 504 2316 (dum
528 2271 750 2316 populorum
780 2272 902 2307 undae
928 2274 1009 2317 om.)
1108 2276 1150 2306 27
1182 2257 1325 2318 flagans
1350 2272 1376 2305 F

35 2315 196 2361 flagrans
223 2332 250 2362 φ
276 2320 320 2361 ef.
350 2323 403 2353 23.
423 2324 442 2353 5
