1591 2556
577 88 677 123 CAP.
698 85 950 123 xvia-xxi
1345 91 1432 132 203

88 201 285 228 nummos
311 200 459 227 aureos
485 200 634 227 manus
654 185 881 239 Myrmecis
902 200 1007 239 quae
1027 200 1103 227 nec
1130 201 1272 228 aereos
1297 190 1431 229 norat.

88 245 179 287 XX.
212 245 378 300 iamque
411 248 533 286 nocte
564 246 761 299 promota
786 243 922 285 solum
949 244 1141 298 perducit
1166 246 1219 286 ad
1245 246 1428 300 domum,

88 304 303 359 probeque
335 304 471 358 capite
511 306 750 345 contectum
789 305 1018 344 amatorem
1051 306 1271 345 strenuum
1303 305 1432 346 infert

88 363 274 418 adusque
319 363 512 404 dominae
553 361 804 404 cubiculum.
875 362 1142 403 commodum
1186 363 1308 403 nouis
1347 378 1431 404 am-

51 440 68 465 5
87 422 284 476 plexibus
319 420 469 463 Amori
510 421 605 462 iudi
642 420 840 474 litabant
878 421 1147 462 commodum
1184 422 1322 475 prima
1359 423 1431 463 sti-

88 481 241 547 pendia
271 480 427 522 Veneri
465 480 707 521 militabant
743 454 846 521 nudi
883 480 1041 521 milites
1082 483 1124 521 et
1161 484 1309 521 contla
1346 496 1430 522 om-

87 540 206 581 nium
232 540 475 594 opinionem
502 542 669 593 captata
692 539 830 580 noctis
851 539 1167 604 opportunitate
1188 540 1432 594 inprouisus

88 599 265 640 maritus
298 599 477 640 adsistit.
539 613 637 640 suae
670 598 819 639 domus
852 598 1020 638 ianuam
1053 598 1136 639 iam
1162 598 1316 652 pulsat
1348 599 1431 640 iam

87 658 254 712 clamat,
285 657 369 698 iam
402 672 502 698 saxo
528 658 639 698 fores
665 657 861 698 uerberat
887 659 929 698 et
954 657 1047 711 ipsa
1072 657 1270 699 tarditate
1296 658 1433 713 magis

34 735 68 759 ιο
88 717 308 772 magisque
329 719 549 771 suspectus
575 716 666 757 dira
686 716 968 757 comminatur
986 715 1193 769 Myrmeci
1213 716 1432 770 supplicia.

88 779 131 817 at
163 775 234 817 ille
266 776 485 829 repentino
517 774 628 816 malo
667 775 940 829 perturbatus
979 778 1021 816 et
1060 776 1214 816 misera
1252 776 1432 829 trepida-

86 835 202 876 tione
228 835 280 875 ad
305 835 492 888 inopiam
518 834 685 875 consilii
711 834 927 887 deductus,
952 834 1065 888 quod
1091 834 1229 875 solum
1255 837 1434 888 poterat,

86 897 316 935 nocturnas
358 894 415 947 [p.
441 893 534 934 167.
561 893 629 947 E]
671 893 866 934 tenebras
907 893 990 934 sibi
1031 894 1284 934 causabatur
1324 893 1433 934 obsi-

88 956 199 994 stere
230 953 332 1007 quin
365 952 527 993 clauem
560 952 723 993 curiose
756 952 1048 993 absconditam
1079 952 1323 1006 repperiret.
1374 953 1433 993 in-

0 1008 1 1036 1
34 1029 66 1055 15
88 1012 255 1053 terdum
292 1010 602 1052 Philesitherus
644 1012 815 1066 cognito
855 1011 1035 1065 strepitu
1073 1011 1229 1065 raptim
1268 1012 1432 1052 tunicas

0 1078 1 1082 ’
86 1071 265 1112 iniectus
297 1070 370 1111 sed
395 1070 519 1124 plane
544 1085 643 1124 prae
670 1070 912 1111 turbatione
938 1070 1116 1124 pedibus
1143 1070 1312 1111 intectis
1338 1085 1433 1124 pro-

86 1130 219 1171 currit
253 1129 458 1170 cubiculo.
520 1132 619 1170 tunc
652 1128 846 1182 Myrmex
885 1129 1055 1170 tandem
1094 1128 1210 1170 clauc
1250 1128 1431 1183 pessulis

87 1189 276 1229 subiecta
319 1188 512 1242 repandit
554 1187 666 1229 fores
710 1191 752 1228 et
795 1188 946 1241 recipit
990 1187 1117 1228 etiam
1162 1190 1263 1229 tunc
1306 1188 1432 1230 fidem

87 1247 210 1288 deum
242 1247 441 1288 boantem
474 1247 691 1288 dominum
724 1261 856 1301 eoque
888 1261 1064 1300 propere
1097 1247 1338 1288 cubiculum
1364 1262 1434 1301 pe-

34 1325 69 1350 20
90 1309 204 1347 tente
254 1305 514 1347 clandestino
566 1308 809 1346 transcursu
860 1305 1039 1346 dimittit
1088 1305 1433 1347 Philesitherum.

89 1379 173 1419 quo
206 1365 289 1405 iam
321 1365 574 1418 postliminio
610 1365 788 1405 liberato
828 1379 999 1405 securus
1037 1365 1103 1405 sui
1135 1364 1277 1405 clausa
1308 1365 1433 1405 domo

86 1438 255 1464 rursum
286 1438 330 1464 se
362 1423 547 1464 reddidit
579 1423 723 1477 quieti.

148 1481 287 1523 -XXL
320 1481 402 1524 Sed
434 1483 534 1524 dum
565 1482 703 1536 prima
733 1481 825 1523 luce
857 1481 1069 1523 Barbarus
1101 1482 1293 1536 procedit
1319 1482 1432 1523 cubi-

88 1541 195 1595 culo,
226 1541 342 1582 uidet
374 1541 451 1582 sub
484 1541 638 1583 lectulo
672 1541 806 1582 soleas
839 1541 1077 1595 incognitas
1109 1541 1263 1595 quibus
1289 1541 1432 1582 induc-

33 1618 68 1644 25
88 1603 157 1641 tus
176 1599 485 1642 Philesitherus
512 1601 746 1654 inrepserat
772 1600 1062 1654 suspectisque
1089 1615 1110 1641 e
1137 1614 1180 1640 re
1207 1602 1305 1641 nata
1327 1615 1432 1654 quae

88 1661 208 1714 gesta
244 1662 361 1713 sunt,
398 1674 482 1700 non
520 1660 659 1713 uxori,
697 1674 782 1700 non
820 1659 896 1699 ulli
933 1659 1208 1700 familiarium
1246 1659 1432 1700 cordolio

87 1718 316 1772 patefacto,
354 1718 532 1759 sublatis
570 1718 623 1759 iis
654 1721 696 1759 et
727 1718 771 1759 in
809 1718 949 1759 sinum
979 1718 1128 1759 furtim
1161 1718 1433 1771 absconditis,

88 1777 202 1818 iusso
246 1779 412 1818 tantum
456 1777 668 1831 Myrmece
712 1792 786 1831 per
832 1791 1058 1818 conseruos
1105 1777 1248 1818 uincto
1292 1777 1432 1818 forum

87 1850 236 1877 uersus
269 1835 446 1889 adtrahi,
478 1836 630 1877 tacitos
662 1850 804 1877 secum
837 1836 1026 1891 mugitus
1053 1836 1210 1877 iterans
1237 1836 1432 1889 rapidum

34 1912 72 1938 zo
90 1895 238 1950 dirigit
270 1908 474 1950 gressum,
507 1898 645 1936 certus
677 1895 886 1936 solearum
919 1895 1074 1936 indicio
1107 1895 1335 1949 uestigium
1366 1895 1433 1935 ad-

185 2049 216 2081 8.
232 2049 252 2080 9
285 2045 361 2080 iam
387 2045 526 2080 clamat
550 2047 591 2080 in
617 2054 647 2087 φ
680 2046 847 2080 οτηὶεεανη
879 2047 961 2080 add.
989 2047 1046 2080 uel
1077 2047 1152 2090 ipse
1186 2047 1349 2090 scriptor,
1376 2047 1433 2079 uel

90 2098 264 2128 corrector
372 2097 426 2127 15.
443 2097 497 2128 25.
524 2104 558 2137 p.
575 2096 653 2127 204.
672 2096 690 2126 7
716 2092 982 2137 philesitherus
1020 2096 1065 2127 ‘20
1090 2092 1376 2136 philesitherum
1402 2092 1430 2125 F

92 2143 136 2174 18
162 2139 330 2175 subiecta
355 2141 393 2175 in
422 2149 452 2182 φ
479 2141 561 2175 add.
588 2151 633 2174 m.
659 2152 688 2174 r.
770 2144 811 2173 21
839 2151 912 2184 quo
938 2140 966 2174 F
999 2151 1069 2184 que
1096 2148 1126 2182 φ
1199 2138 1432 2184 postliminio

87 2188 219 2232 scripsi
254 2188 460 2230 cf.16.15;
499 2190 630 2229 35.21;
669 2190 723 2220 53.
741 2191 800 2230 21;
843 2191 949 2230 72.1;
990 2191 1097 2229 83.2;
1132 2190 1263 2229 168.1;
1301 2189 1430 2227 189.6;

92 2234 195 2269 Flor.
222 2237 335 2270 33.11
373 2245 440 2278 pro
466 2233 593 2268 limine
620 2235 698 2268 cdd.
808 2238 849 2268 ‘27
878 2234 904 2267 ii
931 2235 996 2268 sed
1022 2234 1102 2277 F¹q1
1141 2233 1194 2268 eis
1223 2233 1269 2267 ed
1295 2233 1341 2266 F²
1379 2232 1433 2266 eis

88 2317 127 2349 et
153 2315 193 2349 E.
290 2290 383 2350 forti
405 2316 470 2358 qu
568 2319 612 2349 28
639 2319 704 2351 aso
732 2315 796 2357 qu
