1591 2556
632 104 732 139 CAP.
759 96 894 138 III-'V
1353 104 1438 144 255

179 201 231 243 V.
265 202 347 242 ‘En
374 202 522 242 adsum
547 200 633 242 tuis
659 202 882 253 commota,
909 199 1026 253 Luci,
1056 200 1265 253 precibus,
1297 214 1437 241 rerum

90 263 266 302 naturae
298 275 462 326 parens,
493 259 797 301 elementorum
824 259 1014 300 omnium
1040 258 1221 311 domina,
1253 259 1436 300 saeculo-

91 335 186 361 rum
218 320 443 385 progenies
475 318 663 373 initialis,
699 333 865 359 summa
895 317 1136 371 numinum,
1173 317 1321 371 regina
1350 317 1436 358 Ma—

91 379 223 433 nium,
259 379 397 432 prima
428 378 642 431 caelitum,
680 378 854 418 deorum
888 377 1144 430 dearumque
1180 376 1309 417 facies
1347 377 1436 417 uni-

56 438 257 491 fiformis,
302 452 408 491 quae
447 437 550 478 caeli
587 437 798 477 luminosa
840 435 1043 489 culmina,
1085 435 1214 476 maris
1252 434 1438 475 salubria

92 496 274 550 flamina,
315 496 497 537 inferum
540 495 757 550 deplorata
794 494 963 536 silentia
999 494 1175 535 nutibus
1213 494 1318 535 meis
1357 494 1437 534 dis-

89 570 238 610 penso:
285 556 404 596 cuius
442 570 599 596 numen
635 555 807 595 unicum
852 553 1107 594 multiformi
1151 553 1307 607 specie,
1350 553 1437 594 ritu

89 615 227 667 uario,
264 615 434 655 nomine
465 614 693 668 multiiugo
732 616 848 654 totus
887 616 1113 654 ueneratur
1152 612 1278 653 orbis.
1341 612 1436 653 inde

89 674 335 728 primigenii
366 673 559 728 Phryges
585 672 901 714 Pessinuntiam
944 672 1068 713 deum
1099 671 1300 725 Matrem,
1339 671 1438 712 hinc

40 754 74 777 10
93 731 420 774 Autochthones
475 732 611 773 Attici
666 730 936 785 Cecropeiam
999 730 1258 784 Mineruam,
1320 730 1437 771 1111ηο

93 791 348 832 fluctuantes
387 790 531 845 Cyprii
571 790 777 844 Paphiam
817 790 1045 843 Venerem,
1085 789 1229 830 Cretes
1273 789 1436 843 sagitti-

91 850 171 892 feri
220 850 479 904 Dictynnam
528 849 729 903 Dianam,
781 848 914 890 Siculi
961 849 1023 903 [p.
1051 848 1146 889 208.
1176 848 1245 902 Ε]
1303 848 1437 889 trilin-

92 923 195 964 gues
234 908 427 964 Stygiam
464 909 780 963 Proserpinam,
824 908 1019 950 Eleusini
1062 910 1276 949 uetustam
1316 907 1435 948 deam

93 967 303 1022 Cererem,
348 968 426 1022 [et]
466 967 671 1009 Iunonem
709 968 800 1022 alii,
843 967 1065 1008 Bellonam
1104 966 1188 1020 alii,
1232 966 1437 1007 Hecatam

38 1046 72 1072 15
92 1027 176 1081 isti,
216 1027 525 1068 Rhamnusiam
558 1027 637 1081 illi,
671 1028 741 1068 sed
778 1027 850 1081 qui
883 1026 1095 1067 nascentis
1128 1026 1195 1066 dei
1228 1024 1339 1066 Solis
1378 1025 1438 1065 in-

93 1085 345 1127 choantibus
371 1086 654 1127 inlustr·antu1
681 1086 810 1126 radiis
835 1084 1070 1150 Aethiopes
1096 1084 1257 1150 Arique
1283 1084 1437 1138 prisca·

93 1159 174 1211 que
213 1145 404 1186 doctrina
443 1145 650 1199 pollentes
682 1144 899 1199 Aegyptii,
931 1144 1196 1185 caerimoniis
1237 1158 1303 1184 me
1344 1158 1438 1197 pro-

92 1204 197 1258 priis
216 1204 492 1258 percolentes,
513 1204 728 1258 appellant
747 1218 847 1245 uero
868 1204 1038 1244 nomine
1059 1203 1249 1257 reginam
1269 1201 1437 1243 Isidem.

93 1263 242 1303 adsum
274 1266 371 1304 tuos
403 1263 603 1304 miserata
634 1277 767 1316 casus,
805 1262 953 1303 adsum
988 1263 1135 1303 fauens
1168 1265 1209 1303 et
1239 1261 1436 1316 propitia.

38 1342 73 1365 20
92 1322 215 1363 mitte
248 1322 331 1363 iam
364 1322 489 1363 fletus
522 1325 564 1363 et
594 1321 919 1363 lamentationes
949 1322 1110 1375 omitte,
1143 1321 1304 1375 depelle
1330 1335 1438 1361 mae-

92 1395 241 1422 rorem.
304 1381 387 1421 iam
420 1381 500 1422 tibi
531 1381 800 1434 prouidentia
830 1380 1177 1436 mea-inlucescit
1209 1380 1296 1421 dies
1329 1379 1437 1420 salu-

92 1440 206 1481 taris.
264 1454 364 1494 ergo
398 1440 531 1495 igitur
562 1440 753 1493 imperiis
785 1440 879 1480 istis
912 1440 1017 1480 meis
1047 1440 1234 1480 animum
1267 1438 1437 1480 intende

93 1498 335 1540 sollicitum.
380 1499 491 1540 diem
513 1499 585 1553 qui
606 1499 694 1540 dies
716 1514 767 1540 ex
788 1499 869 1539 ista
889 1501 1012 1540 nocte
1033 1501 1240 1551 nascetur,
1267 1501 1437 1539 aeterna

92 1557 198 1598 mihi
228 1558 492 1612 nuncupauit
523 1558 691 1613 religio,
730 1573 831 1612 quo,
864 1558 1020 1599 sedatis
1058 1557 1248 1598 hibernis
1280 1560 1436 1611 tempe-

38 1634 73 1660 25
93 1616 275 1657 statibus
307 1620 349 1658 et
379 1617 523 1658 lenitis
560 1617 690 1658 maris
725 1616 972 1671 procellosis
1010 1617 1229 1669 fiuctibus,
1266 1616 1438 1670 nauiga-

92 1675 170 1715 bili
211 1675 295 1716 iam
338 1675 488 1731 pelago
532 1676 680 1717 rudem
725 1676 965 1717 dedicantes
1006 1676 1191 1717 carinam
1227 1675 1439 1730 primitias

94 1737 355 1775 commeatus
386 1734 524 1775 libant
554 1735 638 1776 mei
670 1735 920 1776 sacerdotes.
977 1735 1019 1776 id
1052 1749 1217 1776 sacrum
1250 1749 1326 1775 nec
1358 1733 1438 1774 sol-

92 1792 210 1834 licita
247 1808 323 1834 nec
360 1794 537 1847 profana
572 1797 714 1835 mente
750 1794 920 1835 debebis
959 1794 1155 1848 opperiri.
1223 1792 1295 1834 VI.
1340 1807 1438 1833 nam

92 1866 187 1893 meo
219 1853 384 1893 monitu
417 1853 609 1894 sacerdos
636 1853 679 1893 in
706 1853 797 1906 ipso
824 1853 1044 1907 procinctu
1070 1867 1248 1907 pompae
1274 1866 1438 1893 roseam

189 2007 206 2037 1
234 2003 291 2037 tui
310 2004 338 2037 F
376 2004 451 2038 tuis
474 2018 501 2048 φ
527 2004 572 2047 ef.
594 2015 673 2039 cum
693 2008 764 2039 toto
785 2005 858 2039 Ioco
878 2005 984 2050 Apol.
998 2008 1051 2038 74.
1070 2008 1111 2038 18
1127 2005 1225 2049 (ΚΤ.)
1287 2008 1318 2039 3.
1334 2008 1355 2037 4
1382 2014 1437 2037 re-

95 2071 223 2117 ginam
255 2074 381 2108 anium
412 2075 439 2108 F
481 2074 611 2119 regina
647 2074 773 2108 auium
805 2089 832 2119 φ
931 2079 951 2110 8
982 2060 1066 2110 totu
1091 2075 1155 2119 qu
1253 2075 1340 2109 inde
1373 2073 1437 2116 Fgo

94 2130 153 2154 me
179 2122 201 2173 6
222 2121 308 2156 Par.
334 2122 424 2157 ΟΜΖ.
517 2126 537 2156 9
563 2121 840 2156 Pessinuntiam
863 2124 974 2169 uulgo
1006 2122 1307 2167 pessinnumtant
1328 2121 1389 2154 dm
1408 2120 1436 2153 F

94 2170 369 2211 pessmumtant
395 2169 484 2213 d.q>
528 2169 698 2213 pesinum
722 2169 918 2204 nominant
945 2170 978 2205 d
1006 2172 1029 2204 6
1139 2173 1181 2204 10
1213 2169 1317 2202 1111110
1347 2167 1437 2202 Οιιᾱ.

93 2213 174 2248 11110
199 2216 277 2249 cdd.
371 2220 411 2250 11
438 2215 620 2261 phlaphia
646 2216 673 2249 F
708 2216 962 2261 phalaphyam
988 2231 1015 2261 φ
1117 2220 1158 2250 13
1192 2215 1348 2250 0101151111
1372 2214 1437 2257 Fq2

96 2264 141 2294 14
168 2263 205 2295 et
230 2273 295 2297 om.
315 2262 398 2307 Fltp
424 2265 508 2299 add.
530 2263 576 2297 Ε2
658 2263 831 2310 hecatam
855 2264 883 2298 F
965 2269 1008 2299 15
1035 2265 1101 2299 sed
1126 2263 1190 2307 qui
1216 2264 1275 2297 ΒΖ.
1314 2273 1385 2306 *ssq
1410 2261 1438 2294 F

95 2310 164 2378 egiq
191 2345 218 2376 φ
258 2331 326 2375 1111,
353 2334 417 2377 qui
442 2334 482 2369 E.
582 2338 626 2368 ‘24
651 2334 884 2379 nuncupabit
908 2335 972 2380 qu
