1591 2556
20 63 22 108 t

18 112 24 185 l

509 60 608 95 CAP.
634 61 895 97 XXH—-XXV
1282 64 1363 105 159

18 185 24 241 l
116 157 294 200 XXIIII.
344 156 436 198 Tali
479 157 688 198 sententia
730 158 879 199 mediis
918 157 1015 199 Orci
1057 159 1251 200 manibus
1296 175 1362 200 ex-

22 221 188 265 ‚tractus
225 218 299 258 sed
336 219 545 257 extremae
583 230 741 270 poenae
779 220 1020 258 reseruatus
1052 218 1290 259 maerebam
1324 222 1366 260 et

16 246 23 337 l
31 278 75 318 111
111 276 344 318 nouissima
379 277 496 329 parte
529 275 717 329 corporis
749 278 887 316 totum
925 290 991 316 me
1029 277 1265 329 periturum
1299 277 1361 318 de-

16 336 193 378 fiebam.
245 334 384 375 inedia
416 333 594 387 denique
627 334 826 375 continua
857 334 926 376 uel
958 334 1218 389 [p 131.E.]
1250 350 1365 389 prae-

20 395 150 449 cipiti
185 393 307 434 ruina
344 395 499 433 memet
537 393 625 446 ipse
658 393 910 447 quaerebam
943 393 1206 448 extinguere,
1244 395 1368 435 mori-

32 457 151 494 turus
201 451 370 506 quidem
418 451 551 492 nihilo
602 452 741 492 minus
792 452 864 493 sed
910 453 1142 494 moriturus
1193 453 1366 507 integer.

18 503 213 565 dumque
245 511 289 551 in
320 511 402 551 ista
433 511 547 551 necis
579 525 694 552 meae
727 511 955 552 decunctor
986 511 1200 565 electione,
1232 514 1367 552 matu-

17 571 120 621 tino
140 585 206 611 me
226 584 394 610 rursum
425 583 530 623 puer
548 569 620 610 ille
639 573 882 624 peremptor
902 585 1019 612 meus
1040 573 1186 611 contra
1211 571 1369 611 montis

32 632 198 671 suetum
230 628 345 669 ducit
373 628 610 683 fastigium.
667 629 834 683 iamque
866 644 932 670 me
965 629 1014 670 de
1050 629 1267 670 cuiusdam
1300 644 1369 670 ua-

17 688 242 731 stissimae
268 687 376 728 ilicis
402 702 518 728 ramo
544 687 726 741 pendulo
755 688 976 742 destinato,
1007 688 1228 742 paululum
1254 689 1369 729 uiam

16 761 329 801 supergressus
366 746 456 800 ipse
494 747 630 787 securi
670 746 834 801 lignum
873 747 986 801 quod
1024 746 1271 788 deueherem
1310 762 1370 788 re-

16 806 217 859 cidebat,
249 808 290 846 et
334 819 427 846 ecce
466 805 514 846 de
552 805 746 859 proximo
792 820 919 860 specu
956 809 1127 847 uastum
1172 805 1371 846 attollens

14 867 160 919 caput
198 865 366 905 funesta
404 864 615 918 proserpit
652 879 760 905 ursa.
824 879 950 919 quam
991 864 1119 905 simul
1159 865 1372 918 conspexi,

13 923 213 978 pauidus
245 926 287 964 et
323 923 543 977 repentina
579 923 685 964 facie
718 924 973 965 conterritus
1013 926 1151 965 totum
1184 924 1373 977 corporis

34 982 198 1037 pondus
230 983 273 1023 in
304 985 540 1036 postremos
571 982 754 1036 poplites
786 982 938 1024 recello
966 983 1176 1037 arduaque
1209 983 1374 1023 ceruice

10 1041 274 1094 sublimiter
305 1040 485 1094 eleuata,
516 1040 673 1094 lorum,
705 1055 787 1094 quo
821 1041 1011 1095 tenebar,
1043 1056 1192 1095 rumpo
1224 1056 1375 1095 meque

11 1100 229 1154 protinus
271 1100 432 1154 pernici
470 1100 596 1154 fugae
637 1100 856 1141 committo
898 1115 1055 1154 perque
1099 1115 1250 1154 prona,
1290 1114 1375 1140 non

12 1162 203 1200 tantum
241 1159 418 1212 pedibus
464 1173 612 1199 uerum
650 1159 778 1199 etiam
822 1161 912 1200 toto
957 1159 1144 1212 proiecto
1189 1173 1375 1213 corpore,

37 1232 213 1272 propere
246 1217 470 1258 deuolutus
508 1217 693 1258 immitto
731 1232 798 1258 me
840 1218 999 1271 campis
1038 1218 1375 1271 subpatentibUS,

10 1276 117 1331 [et]
163 1290 327 1317 summo
366 1276 505 1317 studio
543 1276 710 1330 fugiens
749 1276 976 1317 immanem
1014 1291 1156 1317 ursam
1194 1291 1374 1330 ursaque

9 1366 11 1384 2
38 1336 223 1389 peiorem
256 1334 376 1375 illum
410 1349 600 1389 puerum.

9 1390 11 1439 s
125 1392 257 1434 XXV.
307 1393 425 1434 Tunc
465 1394 635 1447 quidam
675 1393 814 1434 uiator
854 1393 1091 1434 solitarium
1132 1408 1374 1448 uagumque

9 1460 10 1463 ’
39 1467 104 1493 me
135 1452 363 1506 respiciens
401 1452 564 1493 inuadit
596 1455 637 1492 et
667 1452 903 1506 properiter
940 1453 1180 1494 inscensum
1212 1452 1375 1506 baculo,

7 1546 9 1551 .
40 1511 152 1565 quod
189 1511 378 1565 gerebat,
415 1511 697 1552 obuerberans
735 1526 810 1565 per
847 1511 1061 1565 obliquam
1100 1512 1376 1566 ignaramque

7 1599 15 1619 ᾗ,
41 1569 144 1624 [106]
183 1570 361 1611 ducebat
397 1570 522 1611 uiam.
578 1585 653 1611 nec
684 1570 845 1611 inuitus
877 1583 954 1625 ego
988 1571 1129 1612 cursui
1167 1585 1233 1611 me
1266 1585 1374 1611 com-

6 1732 7 1735 ,
137 1700 153 1730 1
181 1698 222 1731 iu
241 1710 268 1741 φ
291 1709 315 1731 α
339 1697 510 1731 manibus
530 1709 640 1742 usque
659 1698 708 1732 ad
726 1697 913 1732 merebam
933 1699 1054 1732 omnia
1073 1708 1171 1732 ozouu
1190 1709 1234 1731 m.
1250 1698 1290 1731 iu
1310 1698 1374 1731 Iac.

5 1737 7 1747 ⁴
41 1745 234 1789 suppleuit,
260 1755 349 1788 quae
374 1745 480 1779 etiam
505 1746 648 1789 scripsit
672 1746 916 1789 supplementa
942 1756 979 1789 p.
998 1748 1135 1779 140.14
1162 1744 1283 1789 (huius
1305 1744 1376 1787 ed.)

5 1816 6 1819 ,
41 1792 182 1825 restitui
200 1792 423 1835 superiorum
447 1792 544 1826 editt.
568 1796 600 1826 et
625 1792 703 1826 cdd.
723 1793 796 1835 fere
821 1792 984 1836 iuteo-pol.
1012 1793 1192 1827 lectionem
1201 1806 1213 1834 ,·
1238 1793 1377 1826 errauit

5 1831 6 1843 ¹
42 1839 136 1872 euim
152 1838 248 1881 Keil,
262 1839 334 1882 qui,
354 1850 526 1873 manuum
543 1839 763 1873 discriminis
778 1840 917 1874 ratione
936 1850 1010 1873 uon
1028 1840 1162 1881 habita,
1177 1839 1330 1873 crederet
1349 1851 1376 1881 φ

41 1885 98 1919 hic
128 1896 263 1930 quoque
292 1887 487 1930 yeuuiuam
512 1887 643 1920 codicis
669 1885 696 1919 F
727 1887 888 1921 uondum
918 1887 1066 1921 correcti
1098 1887 1279 1921 lectionem
1304 1897 1375 1919 ser-

42 1943 144 1967 uasse
216 1936 246 1966 1.
263 1935 282 1965 2
309 1934 474 1966 extracto
502 1934 557 1966 set
582 1934 743 1967 extreme
768 1943 860 1977 pene
886 1935 1075 1967 reseruato
1101 1935 1184 1967 m.2
1203 1934 1243 1967 iu
1263 1933 1375 1967 litura

42 1978 70 2012 F
97 1979 296 2023 (reseruato
322 1979 362 2014 E.
406 1981 597 2014 reseruata
630 1980 734 2023 Keil,·
765 1991 826 2026 eqo
850 1981 953 2015 modo
984 1980 1044 2014 res
1055 2009 1155 2015 .....
1182 1981 1378 2014 discernere

40 2027 159 2071 potui)
177 2028 385 2060 reseruatus
407 2028 460 2071 &g
508 2028 689 2061 retractus
710 2029 766 2061 set
786 2028 970 2062 extremae
990 2026 1092 2061 uitae
1113 2026 1319 2071 despiciens
1337 2026 1376 2060 Ε.

1 2073 4 2111 J
45 2083 124 2107 cum
148 2086 175 2116 φ
203 2074 275 2117 (sed
295 2087 322 2117 φ
341 2074 445 2108 habet
464 2076 628 2108 extrema
647 2073 739 2119 uite)
807 2077 826 2108 6
853 2074 1024 2118 equidem
1051 2088 1077 2118 φ
1140 2079 1159 2108 9
1186 2073 1378 2117 fastigium

45 2119 175 2155 Braut.
197 2120 272 2155 Pet.
308 2120 509 2165 uestigium
534 2122 612 2156 cdd.
694 2125 734 2155 11
763 2121 982 2156 deueherem
1001 2123 1130 2166 scripse]
1156 2122 1200 2164 cf.
1224 2123 1378 2161 127.13;

47 2192 124 2223 129.
139 2192 184 2223 24
216 2190 413 2225 deueheret
432 2192 510 2226 cdd.
586 2195 628 2225 13
653 2177 780 2239 &sepit
797 2191 825 2225 F
856 2191 1022 2236 prorepit
1041 2192 1240 2226 3161167.
1259 2194 1300 2224 18
1320 2190 1379 2224 sed

47 2236 91 2278 cf.
107 2239 160 2271 68.
177 2240 195 2271 7
268 2241 312 2271 20
337 2239 400 2272 ubi
419 2240 456 2272 et
476 2239 604 2284 leyz'tur
623 2240 663 2272 m
688 2252 726 2283 φ,
752 2238 780 2272 F
806 2240 909 2274 habet
928 2240 1097 2274 lacunam
1167 2242 1209 2271 ⁶23
1236 2237 1377 2270 inscen-

49 2294 128 2316 sum
147 2284 186 2318 in
205 2297 232 2328 φ
258 2295 346 2320 corr.
361 2297 403 2320 6oe
429 2285 647 2320 inscendens
716 2290 758 2319 25
785 2286 875 2332 [me]
902 2287 1038 2328 seclusi,
1058 2286 1156 2320 omis.
1173 2284 1218 2328 φῙ
1233 2284 1315 2319 (1ch.
1332 2284 1379 2327 (Pa
