1591 2556
11 745 44 770 10

12 1039 44 1064 15

0 1335 46 1359 ,20

13 1628 46 1654 25

539 99 640 134 CAP.
665 98 919 153 XIIII-XVH
1350 99 1402 140 13

64 211 215 251 genere
230 195 507 237 tumultuario
526 195 676 236 mortis
699 210 864 236 mecum
883 195 1179 236 deliberabam.
1218 196 1292 237 sed
1309 211 1402 237 cum

63 255 227 296 nullum
261 255 374 296 aliud
411 253 543 295 telum
575 254 843 294 mortiferum
874 253 1064 294 Fortuna
1101 269 1227 308 quam
1266 255 1403 296 solum

62 314 169 355 mihi
201 313 486 369 grabattulum
519 313 875 354 sumministraret
910 313 1009 353 ‘iam
1042 313 1125 353 iam
1152 314 1404 367 grabattule’

63 374 235 428 inquam
263 372 418 413 ‘animo
438 387 532 413 meo
553 372 780 426 carissime,
807 372 877 426 qui
900 386 1066 413 mecum
1092 375 1158 413 tot
1184 387 1405 414 aerumnas

65 432 303 485 exanclasti,
335 431 528 472 conscius
561 434 602 472 et
640 431 798 472 arbiter
839 446 944 485 quae
988 433 1111 472 nocte
1144 434 1264 486 gesta
1296 435 1406 485 sunt,

65 506 189 546 quem
230 490 367 532 solum
408 491 451 531 in
492 505 585 531 meo
624 493 743 531 reatu
782 493 934 531 testem
973 490 1237 531 innocentiae
1277 491 1405 531 citare

63 564 249 604 possum,
275 553 322 590 tu
342 549 448 590 mihi
475 549 527 590 ad
546 549 703 590 inferos
722 549 944 590 festinanti
965 549 1256 590 sumministra
1274 550 1406 590 telum

64 609 264 650 salutare'
306 612 347 650 et
380 623 475 650 cum
517 609 629 650 dicto
668 609 832 665 restim,
865 623 948 662 qua
986 611 1075 649 erat
1106 609 1307 662 intextus,
1340 609 1406 649 ad-

64 668 234 723 gredior
271 668 466 722 expedire
506 683 551 709 ac
590 667 748 722 tigillo,
789 668 903 721 quod
940 667 1148 709 fenestrae
1189 668 1407 709 subditum

64 727 314 768 altrinsecus
340 727 619 781 prominebat,
651 727 806 783 iniecta
831 729 957 781 atque
984 727 1129 768 obdita
1154 730 1273 781 parte
1299 727 1407 768 funi-

64 781 387 827 cuff*'et''altera
417 786 597 827 firmiter
634 786 677 826 in
709 786 867 827 nodum
906 789 1066 840 coacta,
1105 801 1278 827 ascenso
1318 800 1407 840 gra-

62 845 224 887 battulo
258 845 309 886 ad
341 846 518 886 exitium
545 844 798 886 sublimatus
830 845 1020 886 immisso
1047 846 1183 899 capite
1209 845 1408 899 laqueum

63 904 204 945 induo.
255 904 328 945 sed
355 904 454 945 dum
487 904 592 958 pede
625 904 756 945 altero
789 904 1084 945 fulcimentum
1118 919 1201 958 quo
1231 905 1409 945 sustine—

63 963 140 1004 bar
171 963 348 1017 repellO,
386 966 434 1004 ut
474 963 672 1017 ponderis
712 963 893 1004 deductu
932 964 1057 1005 restis
1090 964 1142 1004 ad
1174 963 1409 1018 ingluuiem

65 1023 268 1063 adstricta
287 1022 462 1076 spiritus
490 1022 630 1064 officia
655 1022 921 1075 discluderet,
947 1025 1119 1076 repente
1145 1023 1283 1076 putris
1311 1022 1409 1063 alio-

66 1081 168 1136 quin
207 1084 249 1122 et
279 1084 403 1122 uetus
440 1082 554 1122 funis
593 1082 874 1135 dirrumpitur
907 1082 963 1136 [p.
982 1083 1046 1122 11.
1069 1081 1138 1136 E]
1173 1084 1298 1135 atque
1331 1095 1409 1136 ego

65 1141 115 1181 de
147 1140 233 1181 alto
266 1141 455 1182 recidens
489 1140 691 1182 Socraten
712 1155 885 1181 —nam
919 1141 1038 1181 iuxta
1069 1156 1135 1182 me
1168 1141 1331 1182 iacebat
1352 1165 1407 1169 —

65 1214 268 1253 superruo
296 1214 475 1253 cumque
503 1214 550 1240 eo
578 1199 621 1240 in
647 1202 803 1240 terram
831 1199 1045 1240 deuoluor.
1083 1199 1218 1240 XVII.
1247 1202 1288 1240 et
1314 1214 1408 1240 6666

66 1259 109 1298 in
142 1259 234 1312 ipso
266 1261 481 1299 momento
515 1259 670 1299 ianitor
702 1259 978 1312 introrumpit
1010 1262 1151 1299 exerte
1185 1259 1407 1299 clamitans

66 1317 155 1358 ‘ubi
187 1332 230 1358 es
263 1320 309 1357 tu
342 1317 414 1371 qui
447 1317 532 1358 alta
563 1320 685 1358 nocte
718 1317 941 1358 immodice
972 1318 1203 1359 festinabas
1230 1321 1272 1359 et
1298 1333 1409 1359 nunc

66 1376 209 1417 stertis
236 1375 501 1417 inuolutus?’

154 1434 222 1475 Ad
249 1434 352 1476 haec
381 1436 522 1476 nescio
553 1450 604 1475 an
634 1450 733 1476 casu
760 1438 905 1476 nostro
933 1450 985 1476 an
1015 1435 1130 1477 illius
1150 1436 1308 1476 absono
1330 1435 1409 1476 cla-

64 1508 180 1535 more
195 1496 463 1548 experrectus
480 1493 673 1535 Socrates
689 1495 880 1549 exsurgit
894 1495 1011 1548 prior
1024 1498 1066 1536 et
1081 1495 1164 1535 tne’
1179 1495 1318 1549 inquit
1335 1495 1409 1535 ‘'in-

66 1553 217 1594 merito
245 1552 497 1594 stabularios
518 1553 596 1594 hos
617 1568 762 1594 omnes
782 1553 973 1607 hospites
995 1554 1269 1595 detestantur.
1312 1568 1409 1594 nam

67 1612 145 1653 iste
179 1612 370 1653 curiosus
403 1612 502 1653 dum
535 1612 760 1666 inportune
793 1613 992 1667 irrumpit
1025 1638 1079 1642 ——
1113 1613 1235 1654 credo
1269 1613 1410 1653 studio

67 1671 257 1725 rapiendi
295 1671 455 1725 aliquid
488 1697 541 1700 —
576 1671 757 1712 clamore
795 1675 916 1713 uasto
954 1672 1189 1713 marcidum
1223 1672 1411 1726 alioquin

67 1745 133 1771 me
166 1730 374 1771 altissimo
407 1745 554 1771 somno
588 1731 801 1772 excussit.9

164 1885 181 1915 1
209 1892 353 1916 mecum
372 1881 436 1926 qu
463 1892 528 1916 om.
551 1882 590 1915 E.
617 1883 667 1917 sic
688 1886 802 1916 2415
824 1884 990 1918 omissum
1012 1888 1061 1918 est
1087 1884 1212 1917 tecum
1281 1886 1300 1916 3
1329 1894 1411 1927 gra--

67 1928 257 1963 battulum
283 1928 594 1963 sumministraret
625 1931 754 1974 scripsi
786 1931 831 1973 ef.
861 1934 913 1964 10.
932 1934 975 1964 22
1007 1935 1040 1965 et
1066 1930 1142 1965 Pet.
1164 1942 1202 1975 p.
1227 1933 1293 1964 163
1329 1941 1412 1974 gra-

67 1998 257 2033 battulum
283 1977 570 2034 ⁵¹¹¹³mjnistraret
594 1999 622 2032 F
714 2004 733 2034 5
767 2000 973 2035 exanclasti
1004 2002 1134 2046 scripsi
1159 2012 1226 2046 per
1251 2011 1269 2035 6
1301 2002 1358 2035 hic
1382 2005 1414 2035 et

71 2050 147 2080 100.
165 2050 202 2089 ὃς
231 2050 308 2081 104,
326 2050 360 2090 73
390 2051 466 2081 121.
484 2051 501 2080 7
519 2047 569 2081 ‘ut
593 2048 775 2092 scriptura
794 2049 916 2083 ceteris
942 2049 1027 2083 loeis
1052 2049 1265 2083 consentiret
1285 2049 1413 2082 exant-

69 2093 158 2128 lasti
184 2093 230 2127 F1
255 2093 461 2128 exanclasti
488 2107 515 2137 φ
543 2095 616 2138 (sed
636 2105 654 2128 6
673 2096 715 2129 in
733 2097 819 2139 ras.)
895 2099 934 2129 11
964 2097 1001 2130 et
1020 2095 1048 2129 F
1075 2106 1119 2130 ex
1140 2095 1186 2139 90¹
1259 2106 1413 2129 ascenso

69 2142 114 2183 cf.
137 2144 251 2174 2819
350 2145 392 2175 12
419 2140 584 2175 immisso
609 2143 740 2186 scripsi
771 2144 808 2176 et
834 2142 998 2177 immisso
1029 2142 1120 2178 ond.
1147 2144 1184 2177 et
1210 2142 1321 2176 misso
1348 2142 1412 2184 Fq2

71 2187 230 2222 demisso
256 2188 296 2222 E.
336 2190 373 2223 et
393 2188 552 2223 demisso
581 2188 679 2223 Colu.
756 2193 797 2223 15
825 2189 946 2224 officio
973 2190 1036 2234 sz
1112 2194 1154 2224 17
1183 2189 1359 2223 Socraten
1385 2189 1412 2222 F

72 2234 261 2269 Socratem
292 2248 319 2278 φ
418 2240 460 2270 23
493 2235 640 2280 exurgit
672 2235 719 2280 <322
823 2248 869 2271 ne
896 2237 960 2282 Fcp
995 2248 1066 2271 nae
1091 2237 1131 2272 E.
1172 2235 1412 2271 ne—merito

71 2281 203 2326 Haupt
239 2293 306 2316 nec
344 2282 516 2317 inmerito
555 2282 743 2328 S(auppe);
787 2285 924 2319 retinui
962 2285 1179 2329 scripturam
1223 2284 1412 2327 librorum;

72 2329 205 2364 ironice
230 2330 323 2364 enim
348 2331 483 2366 dictioni
508 2341 578 2366 esse
603 2331 750 2367 uidetur
775 2332 820 2375 ef.
850 2335 969 2366 11:28
