1591 2556
607 72 707 108 CAP.
734 73 833 106 1—11
880 85 883 89 ’
1315 74 1399 114 143

53 184 159 226 gruo
192 172 366 211 cunctae
398 169 685 210 multitudinis
718 182 925 209 consensu
963 170 1104 209 nescio
1138 170 1210 223 qui
1241 169 1398 210 Lucius

54 232 200 270 auctor
231 229 481 270 manifestus
513 227 713 269 facinoris
745 227 1054 281 postulabatur,
1087 229 1158 281 qui
1191 229 1398 282 proximis

54 288 200 329 diebus
232 289 344 329 fictis
377 286 737 329 commendaticiis
769 285 925 327 litteris
951 286 1103 327 Miloni
1132 302 1222 327 sese
1256 288 1396 328 uirum

53 347 353 388 commentitus
385 347 544 388 bonum
576 346 709 386 artius
742 345 1052 398 conciliauerat,
1084 348 1132 386 ut
1164 347 1292 386 etiam
1325 346 1397 387 ho-

18 423 30 437 ·-
53 406 180 460 spitio
226 409 447 460 susceptus
498 406 608 446 inter
654 403 885 445 familiares
935 404 1108 445 intimos
1158 404 1398 458 haber-etun

52 464 342 519 plusculisque
379 464 536 505 ibidem
569 463 716 504 diebus
749 463 991 504 demoratus
1028 463 1148 504 falsis
1182 464 1397 505 amoribus

53 523 228 565 ancillae
283 523 457 564 Milonis
515 523 701 564 animum
758 522 953 576 inrepens
1010 523 1158 563 ianuae
1215 522 1398 563 claustra

53 583 110 637 [p.
135 582 317 637 118.'E.]
364 582 509 623 sedulo
549 581 846 636 explorauerat
884 584 925 622 et
969 582 1061 635 ipsa
1102 581 1310 635 membra,
1354 582 1397 622 in

53 641 148 696 quis
189 656 312 683 omne
353 641 656 695 patrimonium
701 641 824 681 condi
868 640 1050 694 solebat,
1094 641 1258 682 curiose
1308 656 1397 694 per-

53 704 258 754 spexerat.
322 699 374 741 H.
414 715 490 741 nec
522 700 723 754 exiguum
757 699 949 741 scelerati
987 700 1306 740 monstrabatur
1338 700 1397 740 111-

53 759 222 813 dicium7
255 760 410 814 quippe
443 774 538 801 cum
571 759 714 800 eadem
746 761 869 800 nocte
896 759 974 799 sub
1006 759 1099 812 ipso
1132 759 1286 814 flagitii
1312 774 1398 800 mo-

53 821 194 859 mento
222 819 333 860 idem
360 818 620 873 profugisset
646 833 721 859 nec
742 818 891 859 exinde
916 833 1097 872 usquam
1118 821 1398 872 conipareret3

53 893 150 918 nam
189 881 230 919 et
267 878 524 932 praesidium
562 878 705 932 fugae,
738 892 820 931 quo
860 876 1048 918 uelocius
1079 877 1296 918 frustratis
1339 877 1397 918 111-

53 937 318 978 secutoribus
349 936 498 991 procul
524 951 570 977 ac
602 936 750 990 procul
776 936 948 977 abderet
979 951 1082 990 sese,
1115 936 1249 977 eidem
1275 936 1398 977 facile

19 1011 31 1025 ’-
54 996 368 1050 suppeditasse:
413 1010 568 1050 equum
612 1010 793 1049 namque
838 995 958 1036 illum
1003 1010 1127 1036 suum
1172 995 1397 1036 candidum

52 1058 267 1096 uectorem
304 1055 496 1095 futurum
530 1055 699 1095 duxisse
732 1069 885 1095 secum.
942 1054 1065 1107 plane
1099 1069 1269 1096 seruum
1308 1054 1398 1095 eius

54 1113 211 1154 ibidem
248 1114 292 1154 in
323 1113 510 1167 hospitio
549 1117 763 1167 repertum
802 1113 1007 1154 scelerum
1039 1113 1397 1167 consiliorumque

55 1172 222 1213 erilium
254 1173 446 1213 futurum
480 1172 659 1213 indicem
691 1187 766 1226 per
797 1172 1074 1226 magistratus
1108 1172 1150 1212 111
1182 1172 1396 1225 publicam

55 1231 290 1272 custodiam
328 1234 541 1285 receptum
581 1234 622 1272 et
661 1231 792 1271 altera
831 1231 895 1271 die
934 1232 1158 1272 tormentis
1196 1234 1397 1272 uexatum

55 1290 249 1344 pluribus
282 1305 329 1331 ac
360 1305 490 1344 paene
523 1290 575 1330 ad
606 1290 799 1330 ultimam
841 1294 1021 1331 mortem
1054 1291 1397 1331 excarnificatum

54 1349 116 1389 nil
160 1349 386 1403 quicquam
431 1364 572 1390 rerum
617 1349 766 1389 talium
811 1364 900 1389 esse
945 1349 1201 1401 confessum,
1243 1349 1396 1390 missos

54 1410 195 1448 tamen
227 1408 270 1448 111
296 1408 477 1462 patriam
498 1408 617 1448 Lucii
645 1409 759 1449 uiros
786 1408 944 1448 multos
977 1423 1152 1449 numero
1181 1409 1252 1462 qui
1279 1423 1396 1449 reum

53 1481 210 1521 poenas
243 1467 440 1508 daturum
474 1467 643 1508 sceleris
676 1467 966 1520 inquirerent.’

140 1525 257 1567 Haec
295 1540 342 1567 eo
382 1529 602 1567 enarrante
641 1527 796 1567 ueteris
829 1526 1023 1567 fortunae
1056 1529 1097 1567 et
1135 1526 1250 1567 illius
1284 1526 1397 1567 beati

19 1600 31 1614 ⁷
53 1584 174 1625 Lucii
211 1585 529 1639 praesentisque
568 1600 791 1626 aerumnae
830 1588 871 1626 et
909 1585 1090 1626 infelicis
1136 1585 1242 1626 asini
1287 1586 1398 1626 facta

54 1644 368 1697 comparatione
400 1644 647 1685 medullitus
679 1644 945 1699 ingemebam
973 1645 1187 1698 subiitque
1220 1660 1286 1685 me
1313 1660 1397 1685 11011

54 1702 103 1743 de
135 1702 269 1743 nihilo
302 1703 458 1744 ueteris
491 1704 737 1757 priscaeque
765 1703 979 1744 doctrinae
1006 1704 1121 1744 uiros
1147 1704 1322 1744 finxisse
1350 1719 1395 1744 ac

53 1762 351 1815 pronuntiasse
389 1777 554 1803 caecam
587 1765 628 1803 et
665 1777 838 1816 prorsus
871 1763 1135 1804 exoculatam
1176 1778 1265 1804 esse
1297 1762 1329 1803 F
1335 1777 1396 1803 or-

54 1823 218 1874 tunam,
251 1836 356 1875 quae
395 1836 560 1875 semper
598 1836 695 1862 suas
728 1836 827 1875 opes
861 1822 913 1862 ad
951 1822 1085 1862 malos
1119 1825 1160 1862 et
1198 1822 1396 1876 indignos

55 1879 243 1920 conferat
292 1895 366 1921 nec
416 1895 603 1934 unquam
655 1881 810 1921 iudicio
862 1896 1101 1935 quenquam
1152 1881 1395 1921 mortalium

55 1938 195 1993 eligat,
228 1938 357 1979 immo
393 1954 493 1980 uero
520 1954 615 1980 cum
643 1939 694 1980 iis
720 1940 991 1993 potissimum
1018 1941 1264 1981 deuersetur
1290 1955 1396 1994 quos

54 1997 202 2050 procul
234 1997 269 2038 si
302 1998 476 2051 uideret,
507 1998 652 2052 fugere
686 1999 868 2053 deberet,
901 2000 1096 2053 quodque
1137 1999 1299 2039 cunctis
1333 2002 1395 2039 est

148 2128 167 2159 8
194 2125 359 2160 membra
386 2126 431 2168 cf.
459 2130 513 2160 55.
530 2129 549 2159 2
632 2130 673 2159 13
699 2137 787 2160 nam
817 2127 897 2161 cdd.
930 2126 1005 2160 iam
1031 2127 1070 2160 E.
1148 2131 1189 2160 15
1223 2126 1395 2170 suppedi-

52 2171 164 2206 tass&
188 2172 216 2206 F
242 2172 286 2216 (85
311 2174 352 2207 in
375 2174 462 2217 ras.)
535 2184 683 2216 nanque
709 2173 737 2206 F
820 2177 862 2206 22
889 2173 994 2207 Lucii
1020 2173 1119 2207 uiros
1140 2174 1180 2207 E.
1197 2175 1219 2207 ὃ
1249 2172 1401 2217 1110βῇ’701

53 2218 100 2252 F1
130 2219 217 2253 lucu
241 2219 341 2254 uiros
367 2220 414 2254 F2
439 2219 537 2254 uiros
564 2232 629 2265 my.
657 2220 684 2254 F
717 2219 791 2254 luci
816 2219 918 2254 illius
945 2235 972 2265 φ
1066 2225 1109 2254 28
1136 2231 1283 2265 prorsus
1312 2222 1347 2254 et
1375 2222 1392 2253 ὁ

55 2305 99 2335 30
125 2287 298 2346 quenque}
323 2302 350 2336 F
377 2303 423 2345 ef.
452 2305 529 2336 180.
553 2306 594 2336 16
692 2306 734 2336 31
762 2276 870 2347 eligit
895 2302 922 2336 F
996 2303 1029 2336 is
1051 2303 1078 2336 F
1116 2302 1175 2336 his
1197 2315 1223 2346 φ
