<?xml version="1.0" encoding="UTF-8"?>
<!DOCTYPE html PUBLIC "-//W3C//DTD XHTML 1.0 Transitional//EN"
    "http://www.w3.org/TR/xhtml1/DTD/xhtml1-transitional.dtd">
<html xmlns="http://www.w3.org/1999/xhtml" xml:lang="en" lang="en">
 <head>
  <title>
</title>
<meta http-equiv="Content-Type" content="text/html;charset=utf-8" />
  <meta name='ocr-system' content='tesseract 3.04.00' />
  <meta name='ocr-capabilities' content='ocr_page ocr_carea ocr_par ocr_line ocrx_word'/>
</head>
<body>
  <div class='ocr_page' id='page_1' title='image "./metamorphoseonli00apuluoft/metamorphoseonli00apuluoft_0197.png"; bbox 0 0 1591 2556; ppageno 0'>
   <div class='ocr_carea' id='block_1_1' title="bbox 521 59 1395 100">
    <p class='ocr_par' dir='ltr' id='par_1_1' title="bbox 521 59 1395 100">
     <span class='ocr_line' id='line_1_1' title="bbox 521 59 1395 100; baseline 0.009 -7"><span class='ocrx_word' id='word_1_1' title='bbox 521 59 622 93; x_wconf 82' lang='lat' dir='ltr'>CAP.</span> <span class='ocrx_word' id='word_1_2' title='bbox 649 59 933 93; x_wconf 76' lang='lat' dir='ltr'>XXV—XXVII</span> <span class='ocrx_word' id='word_1_3' title='bbox 1316 62 1328 100; x_wconf 81' lang='lat' dir='ltr'>l</span> <span class='ocrx_word' id='word_1_4' title='bbox 1342 60 1395 100; x_wconf 82' lang='grc'>61</span> 
     </span>
    </p>
   </div>
   <div class='ocr_carea' id='block_1_2' title="bbox 0 154 1400 2041">
    <p class='ocr_par' dir='ltr' id='par_1_2' title="bbox 0 154 1400 1378">
     <span class='ocr_line' id='line_1_2' title="bbox 55 154 1397 212; baseline -0.001 -13"><span class='ocrx_word' id='word_1_5' title='bbox 55 158 128 199; x_wconf 86' lang='lat' dir='ltr'>bat</span> <span class='ocrx_word' id='word_1_6' title='bbox 160 171 338 212; x_wconf 79' lang='lat' dir='ltr'>egerere.</span> <span class='ocrx_word' id='word_1_7' title='bbox 377 154 531 196; x_wconf 86' lang='lat' dir='ltr'>XXVI.</span> <span class='ocrx_word' id='word_1_8' title='bbox 564 169 639 196; x_wconf 87' lang='lat' dir='ltr'>nec</span> <span class='ocrx_word' id='word_1_9' title='bbox 671 155 836 208; x_wconf 81' lang='lat' dir='ltr'>uspiam</span> <span class='ocrx_word' id='word_1_10' title='bbox 863 156 974 196; x_wconf 89' lang='lat' dir='ltr'>ruris</span> <span class='ocrx_word' id='word_1_11' title='bbox 1001 157 1189 209; x_wconf 86' lang='lat' dir='ltr'>aperitur</span> <span class='ocrx_word' id='word_1_12' title='bbox 1222 157 1291 198; x_wconf 91' lang='lat' dir='ltr'>ille</span> <span class='ocrx_word' id='word_1_13' title='bbox 1324 157 1397 198; x_wconf 91' lang='lat' dir='ltr'>sed</span> 
     </span>
     <span class='ocr_line' id='line_1_3' title="bbox 54 214 1396 271; baseline 0 -14"><span class='ocrx_word' id='word_1_14' title='bbox 54 216 178 271; x_wconf 86' lang='lat' dir='ltr'>plane</span> <span class='ocrx_word' id='word_1_15' title='bbox 229 230 379 269; x_wconf 89' lang='lat' dir='ltr'>corpus</span> <span class='ocrx_word' id='word_1_16' title='bbox 427 215 515 255; x_wconf 90' lang='lat' dir='ltr'>eius</span> <span class='ocrx_word' id='word_1_17' title='bbox 565 214 835 254; x_wconf 87' lang='lat' dir='ltr'>membratim</span> <span class='ocrx_word' id='word_1_18' title='bbox 884 214 1113 255; x_wconf 87' lang='lat' dir='ltr'>laceratum</span> <span class='ocrx_word' id='word_1_19' title='bbox 1165 216 1396 270; x_wconf 85' lang='lat' dir='ltr'>multisque</span> 
     </span>
     <span class='ocr_line' id='line_1_4' title="bbox 56 273 1396 329; baseline 0 -13"><span class='ocrx_word' id='word_1_20' title='bbox 56 276 292 329; x_wconf 89' lang='lat' dir='ltr'>dispersum</span> <span class='ocrx_word' id='word_1_21' title='bbox 328 273 432 315; x_wconf 88' lang='lat' dir='ltr'>locis</span> <span class='ocrx_word' id='word_1_22' title='bbox 471 273 740 327; x_wconf 86' lang='lat' dir='ltr'>conspicitur.</span> <span class='ocrx_word' id='word_1_23' title='bbox 797 288 921 327; x_wconf 83' lang='lat' dir='ltr'>quam</span> <span class='ocrx_word' id='word_1_24' title='bbox 956 289 1044 314; x_wconf 89' lang='lat' dir='ltr'>rem</span> <span class='ocrx_word' id='word_1_25' title='bbox 1082 274 1230 328; x_wconf 86' lang='lat' dir='ltr'>procul</span> <span class='ocrx_word' id='word_1_26' title='bbox 1269 275 1396 316; x_wconf 91' lang='lat' dir='ltr'>dubio</span> 
     </span>
     <span class='ocr_line' id='line_1_5' title="bbox 56 332 1397 387; baseline -0.001 -11"><span class='ocrx_word' id='word_1_27' title='bbox 56 334 288 376; x_wconf 72' lang='lat' dir='ltr'>sentiebam</span> <span class='ocrx_word' id='word_1_28' title='bbox 321 346 398 387; x_wconf 86' lang='lat' dir='ltr'>ego</span> <span class='ocrx_word' id='word_1_29' title='bbox 431 332 545 373; x_wconf 89' lang='lat' dir='ltr'>illius</span> <span class='ocrx_word' id='word_1_30' title='bbox 578 347 699 373; x_wconf 87' lang='lat' dir='ltr'>ursae</span> <span class='ocrx_word' id='word_1_31' title='bbox 732 332 930 373; x_wconf 89' lang='lat' dir='ltr'>dentibus</span> <span class='ocrx_word' id='word_1_32' title='bbox 970 348 1059 373; x_wconf 87' lang='lat' dir='ltr'>esse</span> <span class='ocrx_word' id='word_1_33' title='bbox 1092 333 1323 387; x_wconf 83' lang='lat' dir='ltr'>perfectam</span> <span class='ocrx_word' id='word_1_34' title='bbox 1355 337 1397 374; x_wconf 89' lang='lat' dir='ltr'>et</span> 
     </span>
     <span class='ocr_line' id='line_1_6' title="bbox 56 391 1396 446; baseline -0.001 -12"><span class='ocrx_word' id='word_1_35' title='bbox 56 393 246 434; x_wconf 89' lang='lat' dir='ltr'>hercules</span> <span class='ocrx_word' id='word_1_36' title='bbox 279 392 461 433; x_wconf 84' lang='lat' dir='ltr'>dicerem</span> <span class='ocrx_word' id='word_1_37' title='bbox 488 391 600 445; x_wconf 89' lang='lat' dir='ltr'>quod</span> <span class='ocrx_word' id='word_1_38' title='bbox 633 391 828 445; x_wconf 75' lang='lat' dir='ltr'>sciebam,</span> <span class='ocrx_word' id='word_1_39' title='bbox 861 392 896 432; x_wconf 89' lang='lat' dir='ltr'>si</span> <span class='ocrx_word' id='word_1_40' title='bbox 928 392 1129 446; x_wconf 89' lang='lat' dir='ltr'>loquendi</span> <span class='ocrx_word' id='word_1_41' title='bbox 1156 393 1275 445; x_wconf 84' lang='lat' dir='ltr'>copia</span> <span class='ocrx_word' id='word_1_42' title='bbox 1303 407 1396 446; x_wconf 86' lang='lat' dir='ltr'>sup-</span> 
     </span>
     <span class='ocr_line' id='line_1_7' title="bbox 54 450 1398 507; baseline -0.001 -15"><span class='ocrx_word' id='word_1_43' title='bbox 54 452 273 507; x_wconf 82' lang='lat' dir='ltr'>peditaret.</span> <span class='ocrx_word' id='word_1_44' title='bbox 319 451 392 492; x_wconf 93' lang='lat' dir='ltr'>sed</span> <span class='ocrx_word' id='word_1_45' title='bbox 424 451 536 504; x_wconf 85' lang='lat' dir='ltr'>quod</span> <span class='ocrx_word' id='word_1_46' title='bbox 569 450 708 491; x_wconf 88' lang='lat' dir='ltr'>solum</span> <span class='ocrx_word' id='word_1_47' title='bbox 739 453 930 504; x_wconf 86' lang='lat' dir='ltr'>poteram</span> <span class='ocrx_word' id='word_1_48' title='bbox 963 452 1118 492; x_wconf 89' lang='lat' dir='ltr'>tacitus</span> <span class='ocrx_word' id='word_1_49' title='bbox 1150 451 1250 492; x_wconf 88' lang='lat' dir='ltr'>licet</span> <span class='ocrx_word' id='word_1_50' title='bbox 1282 466 1398 492; x_wconf 88' lang='lat' dir='ltr'>serae</span> 
     </span>
     <span class='ocr_line' id='line_1_8' title="bbox 54 509 1397 565; baseline -0.001 -14"><span class='ocrx_word' id='word_1_51' title='bbox 54 511 265 552; x_wconf 89' lang='lat' dir='ltr'>uindictae</span> <span class='ocrx_word' id='word_1_52' title='bbox 292 509 548 565; x_wconf 86' lang='lat' dir='ltr'>gratulabar.</span> <span class='ocrx_word' id='word_1_53' title='bbox 589 512 630 550; x_wconf 89' lang='lat' dir='ltr'>et</span> <span class='ocrx_word' id='word_1_54' title='bbox 656 509 834 551; x_wconf 89' lang='lat' dir='ltr'>cadauer</span> <span class='ocrx_word' id='word_1_55' title='bbox 860 510 1030 564; x_wconf 90' lang='lat' dir='ltr'>quidem</span> <span class='ocrx_word' id='word_1_56' title='bbox 1058 510 1244 551; x_wconf 89' lang='lat' dir='ltr'>disiectis</span> <span class='ocrx_word' id='word_1_57' title='bbox 1270 511 1397 564; x_wconf 81' lang='lat' dir='ltr'>parti-</span> 
     </span>
     <span class='ocr_line' id='line_1_9' title="bbox 53 569 1399 624; baseline -0.001 -13"><span class='ocrx_word' id='word_1_58' title='bbox 53 571 133 611; x_wconf 89' lang='lat' dir='ltr'>bus</span> <span class='ocrx_word' id='word_1_59' title='bbox 153 570 380 623; x_wconf 72' lang='grc' dir='ltr'><em>&lt;σοῐῐθσΐί3&gt;</em></span> <span class='ocrx_word' id='word_1_60' title='bbox 400 569 569 610; x_wconf 88' lang='lat' dir='ltr'>tandem</span> <span class='ocrx_word' id='word_1_61' title='bbox 590 571 728 610; x_wconf 88' lang='lat' dir='ltr'>totum</span> <span class='ocrx_word' id='word_1_62' title='bbox 758 572 973 623; x_wconf 87' lang='lat' dir='ltr'>repertum</span> <span class='ocrx_word' id='word_1_63' title='bbox 1001 583 1208 624; x_wconf 77' lang='lat' dir='ltr'>aegreque</span> <span class='ocrx_word' id='word_1_64' title='bbox 1236 570 1399 611; x_wconf 88' lang='lat' dir='ltr'>concin-</span> 
     </span>
     <span class='ocr_line' id='line_1_10' title="bbox 53 628 1398 683; baseline -0.001 -13"><span class='ocrx_word' id='word_1_65' title='bbox 53 632 201 670; x_wconf 87' lang='lat' dir='ltr'>natum</span> <span class='ocrx_word' id='word_1_66' title='bbox 235 629 391 670; x_wconf 82' lang='lat' dir='ltr'>ibidem</span> <span class='ocrx_word' id='word_1_67' title='bbox 424 631 560 669; x_wconf 89' lang='lat' dir='ltr'>terrae</span> <span class='ocrx_word' id='word_1_68' title='bbox 591 628 758 682; x_wconf 77' lang='lat' dir='ltr'>dedere,</span> <span class='ocrx_word' id='word_1_69' title='bbox 790 643 931 668; x_wconf 87' lang='lat' dir='ltr'>meum</span> <span class='ocrx_word' id='word_1_70' title='bbox 964 643 1064 669; x_wconf 90' lang='lat' dir='ltr'>uero</span> <span class='ocrx_word' id='word_1_71' title='bbox 1097 628 1398 683; x_wconf 85' lang='lat' dir='ltr'>Bellerophon-</span> 
     </span>
     <span class='ocr_line' id='line_1_11' title="bbox 19 687 1398 742; baseline -0.001 -13"><span class='ocrx_word' id='word_1_72' title='bbox 19 708 35 733; x_wconf 90' lang='lat'>0</span> <span class='ocrx_word' id='word_1_73' title='bbox 54 692 152 741; x_wconf 75' lang='lat' dir='ltr'>tem,</span> <span class='ocrx_word' id='word_1_74' title='bbox 185 688 422 729; x_wconf 71' lang='lat' dir='ltr'>abactorem</span> <span class='ocrx_word' id='word_1_75' title='bbox 450 687 738 728; x_wconf 85' lang='lat' dir='ltr'>indubitatum</span> <span class='ocrx_word' id='word_1_76' title='bbox 771 690 1077 742; x_wconf 85' lang='lat' dir='ltr'>cruentumque</span> <span class='ocrx_word' id='word_1_77' title='bbox 1106 703 1398 742; x_wconf 77' lang='lat' dir='ltr'>percussorem</span> 
     </span>
     <span class='ocr_line' id='line_1_12' title="bbox 53 746 1398 801; baseline -0.001 -13"><span class='ocrx_word' id='word_1_78' title='bbox 53 747 326 789; x_wconf 73' lang='lat' dir='ltr'>criminantes</span> <span class='ocrx_word' id='word_1_79' title='bbox 359 747 411 787; x_wconf 90' lang='lat' dir='ltr'>ad</span> <span class='ocrx_word' id='word_1_80' title='bbox 442 761 559 788; x_wconf 88' lang='lat' dir='ltr'>casas</span> <span class='ocrx_word' id='word_1_81' title='bbox 592 746 763 787; x_wconf 87' lang='lat' dir='ltr'>interim</span> <span class='ocrx_word' id='word_1_82' title='bbox 796 761 892 787; x_wconf 86' lang='lat' dir='ltr'>suas</span> <span class='ocrx_word' id='word_1_83' title='bbox 924 747 1117 788; x_wconf 88' lang='lat' dir='ltr'>uinctum</span> <span class='ocrx_word' id='word_1_84' title='bbox 1149 747 1398 801; x_wconf 77' lang='lat' dir='ltr'>perducunt,</span> 
     </span>
     <span class='ocr_line' id='line_1_13' title="bbox 54 805 1400 861; baseline 0 -15"><span class='ocrx_word' id='word_1_85' title='bbox 54 806 193 861; x_wconf 89' lang='lat' dir='ltr'>quoad</span> <span class='ocrx_word' id='word_1_86' title='bbox 224 805 460 847; x_wconf 69' lang='lat' dir='ltr'>renascenti</span> <span class='ocrx_word' id='word_1_87' title='bbox 487 806 552 846; x_wconf 89' lang='lat' dir='ltr'>die</span> <span class='ocrx_word' id='word_1_88' title='bbox 580 806 775 860; x_wconf 85' lang='lat' dir='ltr'>sequenti</span> <span class='ocrx_word' id='word_1_89' title='bbox 801 806 1004 847; x_wconf 85' lang='lat' dir='ltr'>deductus</span> <span class='ocrx_word' id='word_1_90' title='bbox 1033 806 1085 846; x_wconf 90' lang='lat' dir='ltr'>ad</span> <span class='ocrx_word' id='word_1_91' title='bbox 1110 807 1400 861; x_wconf 69' lang='lat' dir='ltr'>magistratus,</span> 
     </span>
     <span class='ocr_line' id='line_1_14' title="bbox 53 865 791 919; baseline -0.001 -13"><span class='ocrx_word' id='word_1_92' title='bbox 53 869 101 906; x_wconf 88' lang='lat' dir='ltr'>ut</span> <span class='ocrx_word' id='word_1_93' title='bbox 133 865 313 919; x_wconf 69' lang='lat' dir='ltr'>aiebant,</span> <span class='ocrx_word' id='word_1_94' title='bbox 344 880 503 919; x_wconf 88' lang='lat' dir='ltr'>poenae</span> <span class='ocrx_word' id='word_1_95' title='bbox 536 865 791 906; x_wconf 85' lang='lat' dir='ltr'>redderetur.</span> 
     </span>
     <span class='ocr_line' id='line_1_15' title="bbox 115 922 1397 979; baseline -0.001 -14"><span class='ocrx_word' id='word_1_96' title='bbox 115 922 317 965; x_wconf 61' lang='lat' dir='ltr'>interim</span> <span class='ocrx_word' id='word_1_97' title='bbox 350 925 450 965; x_wconf 89' lang='lat' dir='ltr'>dum</span> <span class='ocrx_word' id='word_1_98' title='bbox 482 939 661 978; x_wconf 86' lang='lat' dir='ltr'>puerum</span> <span class='ocrx_word' id='word_1_99' title='bbox 693 924 813 965; x_wconf 84' lang='lat' dir='ltr'>illum</span> <span class='ocrx_word' id='word_1_100' title='bbox 851 927 1049 978; x_wconf 85' lang='lat' dir='ltr'>parentes</span> <span class='ocrx_word' id='word_1_101' title='bbox 1088 925 1153 964; x_wconf 88' lang='lat' dir='ltr'>sui</span> <span class='ocrx_word' id='word_1_102' title='bbox 1186 924 1397 979; x_wconf 86' lang='lat' dir='ltr'>plangori-</span> 
     </span>
     <span class='ocr_line' id='line_1_16' title="bbox 18 983 1398 1038; baseline 0 -14"><span class='ocrx_word' id='word_1_103' title='bbox 18 1002 33 1028; x_wconf 87' lang='lat'>5</span> <span class='ocrx_word' id='word_1_104' title='bbox 52 983 131 1024; x_wconf 85' lang='lat' dir='ltr'>bus</span> <span class='ocrx_word' id='word_1_105' title='bbox 165 984 451 1038; x_wconf 88' lang='lat' dir='ltr'>querebantur</span> <span class='ocrx_word' id='word_1_106' title='bbox 476 987 518 1024; x_wconf 89' lang='lat' dir='ltr'>et</span> <span class='ocrx_word' id='word_1_107' title='bbox 544 984 771 1024; x_wconf 89' lang='lat' dir='ltr'>adueniens</span> <span class='ocrx_word' id='word_1_108' title='bbox 799 998 893 1024; x_wconf 88' lang='lat' dir='ltr'>ecce</span> <span class='ocrx_word' id='word_1_109' title='bbox 919 984 1104 1024; x_wconf 91' lang='lat' dir='ltr'>rusticus</span> <span class='ocrx_word' id='word_1_110' title='bbox 1130 998 1398 1037; x_wconf 84' lang='lat' dir='ltr'>nequaquam</span> 
     </span>
     <span class='ocr_line' id='line_1_17' title="bbox 52 1042 1398 1097; baseline 0 -14"><span class='ocrx_word' id='word_1_111' title='bbox 52 1043 308 1097; x_wconf 87' lang='lat' dir='ltr'>promissum</span> <span class='ocrx_word' id='word_1_112' title='bbox 330 1058 453 1083; x_wconf 85' lang='lat' dir='ltr'>suum</span> <span class='ocrx_word' id='word_1_113' title='bbox 473 1043 704 1083; x_wconf 84' lang='lat' dir='ltr'>frustratus</span> <span class='ocrx_word' id='word_1_114' title='bbox 725 1042 980 1083; x_wconf 87' lang='lat' dir='ltr'>destinatam</span> <span class='ocrx_word' id='word_1_115' title='bbox 1005 1043 1235 1084; x_wconf 87' lang='lat' dir='ltr'>sectionem</span> <span class='ocrx_word' id='word_1_116' title='bbox 1262 1058 1398 1083; x_wconf 89' lang='lat' dir='ltr'>meam</span> 
     </span>
     <span class='ocr_line' id='line_1_18' title="bbox 53 1102 1398 1156; baseline 0 -14"><span class='ocrx_word' id='word_1_117' title='bbox 53 1102 220 1156; x_wconf 86' lang='lat' dir='ltr'>flagitat</span> <span class='ocrx_word' id='word_1_118' title='bbox 252 1102 352 1143; x_wconf 73' lang='lat' dir='ltr'>enon</span> <span class='ocrx_word' id='word_1_119' title='bbox 378 1102 457 1142; x_wconf 82' lang='lat' dir='ltr'>est&#39;</span> <span class='ocrx_word' id='word_1_120' title='bbox 490 1102 533 1142; x_wconf 91' lang='lat' dir='ltr'>in</span> <span class='ocrx_word' id='word_1_121' title='bbox 558 1102 626 1142; x_wconf 88' lang='lat' dir='ltr'>his</span> <span class='ocrx_word' id='word_1_122' title='bbox 652 1102 792 1156; x_wconf 85' lang='lat' dir='ltr'>inquit</span> <span class='ocrx_word' id='word_1_123' title='bbox 823 1116 933 1142; x_wconf 87' lang='lat' dir='ltr'>unus</span> <span class='ocrx_word' id='word_1_124' title='bbox 966 1102 1167 1142; x_wconf 73' lang='lat' dir='ltr'>‘indidem</span> <span class='ocrx_word' id='word_1_125' title='bbox 1199 1117 1398 1155; x_wconf 85' lang='lat' dir='ltr'>praesens</span> 
     </span>
     <span class='ocr_line' id='line_1_19' title="bbox 0 1160 1397 1215; baseline 0.001 -15"><span class='ocrx_word' id='word_1_126' title='bbox 0 1177 1 1198; x_wconf 59' lang='lat'><em>³</em></span> <span class='ocrx_word' id='word_1_127' title='bbox 54 1161 216 1201; x_wconf 83' lang='lat' dir='ltr'>iactura</span> <span class='ocrx_word' id='word_1_128' title='bbox 259 1164 422 1215; x_wconf 71' lang='lat' dir='ltr'>nostra,</span> <span class='ocrx_word' id='word_1_129' title='bbox 461 1161 533 1201; x_wconf 90' lang='lat' dir='ltr'>sed</span> <span class='ocrx_word' id='word_1_130' title='bbox 570 1160 693 1214; x_wconf 89' lang='lat' dir='ltr'>plane</span> <span class='ocrx_word' id='word_1_131' title='bbox 737 1161 920 1201; x_wconf 87' lang='lat' dir='ltr'>crastino</span> <span class='ocrx_word' id='word_1_132' title='bbox 960 1161 1064 1201; x_wconf 87' lang='lat' dir='ltr'>libet</span> <span class='ocrx_word' id='word_1_133' title='bbox 1101 1175 1186 1201; x_wconf 91' lang='lat' dir='ltr'>non</span> <span class='ocrx_word' id='word_1_134' title='bbox 1231 1164 1397 1201; x_wconf 88' lang='lat' dir='ltr'>tantum</span> 
     </span>
     <span class='ocr_line' id='line_1_20' title="bbox 55 1220 1398 1274; baseline 0 -14"><span class='ocrx_word' id='word_1_135' title='bbox 55 1222 248 1260; x_wconf 88' lang='lat' dir='ltr'>naturam</span> <span class='ocrx_word' id='word_1_136' title='bbox 292 1235 441 1261; x_wconf 88' lang='lat' dir='ltr'>uerum</span> <span class='ocrx_word' id='word_1_137' title='bbox 486 1220 614 1260; x_wconf 90' lang='lat' dir='ltr'>etiam</span> <span class='ocrx_word' id='word_1_138' title='bbox 660 1222 786 1273; x_wconf 83' lang='lat' dir='ltr'>caput</span> <span class='ocrx_word' id='word_1_139' title='bbox 825 1234 992 1273; x_wconf 89' lang='lat' dir='ltr'>quoque</span> <span class='ocrx_word' id='word_1_140' title='bbox 1030 1220 1168 1273; x_wconf 87' lang='lat' dir='ltr'>ipsum</span> <span class='ocrx_word' id='word_1_141' title='bbox 1214 1221 1398 1274; x_wconf 86' lang='lat' dir='ltr'>pessimo</span> 
     </span>
     <span class='ocr_line' id='line_1_21' title="bbox 19 1278 1398 1321; baseline 0 -2"><span class='ocrx_word' id='word_1_142' title='bbox 19 1298 35 1321; x_wconf 91' lang='lat'>0</span> <span class='ocrx_word' id='word_1_143' title='bbox 55 1279 137 1319; x_wconf 89' lang='lat' dir='ltr'>isto</span> <span class='ocrx_word' id='word_1_144' title='bbox 171 1279 288 1320; x_wconf 86' lang='lat' dir='ltr'>asino</span> <span class='ocrx_word' id='word_1_145' title='bbox 322 1279 540 1320; x_wconf 89' lang='lat' dir='ltr'>demetere.</span> <span class='ocrx_word' id='word_1_146' title='bbox 583 1294 657 1320; x_wconf 88' lang='lat' dir='ltr'>nec</span> <span class='ocrx_word' id='word_1_147' title='bbox 697 1279 776 1320; x_wconf 90' lang='lat' dir='ltr'>tibi</span> <span class='ocrx_word' id='word_1_148' title='bbox 808 1278 1094 1319; x_wconf 87' lang='lat' dir='ltr'>ministerium</span> <span class='ocrx_word' id='word_1_149' title='bbox 1127 1279 1260 1320; x_wconf 85' lang='lat' dir='ltr'>deerit</span> <span class='ocrx_word' id='word_1_150' title='bbox 1299 1280 1398 1320; x_wconf 85' lang='lat' dir='ltr'>isto-</span> 
     </span>
     <span class='ocr_line' id='line_1_22' title="bbox 54 1338 177 1378; baseline 0 0"><span class='ocrx_word' id='word_1_151' title='bbox 54 1338 177 1378; x_wconf 84' lang='lat' dir='ltr'>rum.’</span> 
     </span>
    </p>

    <p class='ocr_par' dir='ltr' id='par_1_3' title="bbox 54 1395 1399 1568">
     <span class='ocr_line' id='line_1_23' title="bbox 141 1395 1398 1438; baseline -0.001 -1"><span class='ocrx_word' id='word_1_152' title='bbox 141 1395 317 1437; x_wconf 84' lang='lat' dir='ltr'><strong>XXVII.</strong></span> <span class='ocrx_word' id='word_1_153' title='bbox 340 1395 421 1437; x_wconf 50' lang='lat' dir='ltr'>&gt;Sic</span> <span class='ocrx_word' id='word_1_154' title='bbox 447 1397 644 1438; x_wconf 84' lang='lat' dir='ltr'>effectum</span> <span class='ocrx_word' id='word_1_155' title='bbox 671 1399 735 1437; x_wconf 90' lang='lat' dir='ltr'>est</span> <span class='ocrx_word' id='word_1_156' title='bbox 764 1399 811 1436; x_wconf 90' lang='lat' dir='ltr'>ut</span> <span class='ocrx_word' id='word_1_157' title='bbox 843 1397 886 1437; x_wconf 88' lang='lat' dir='ltr'>in</span> <span class='ocrx_word' id='word_1_158' title='bbox 913 1397 1092 1437; x_wconf 88' lang='lat' dir='ltr'>alterum</span> <span class='ocrx_word' id='word_1_159' title='bbox 1122 1397 1231 1437; x_wconf 88' lang='lat' dir='ltr'>diem</span> <span class='ocrx_word' id='word_1_160' title='bbox 1259 1397 1398 1438; x_wconf 70' lang='lat' dir='ltr'>clades</span> 
     </span>
     <span class='ocr_line' id='line_1_24' title="bbox 54 1455 1399 1510; baseline 0.001 -14"><span class='ocrx_word' id='word_1_161' title='bbox 54 1455 293 1496; x_wconf 85' lang='lat' dir='ltr'>differretur</span> <span class='ocrx_word' id='word_1_162' title='bbox 330 1471 434 1496; x_wconf 87' lang='lat' dir='ltr'>mea.</span> <span class='ocrx_word' id='word_1_163' title='bbox 491 1458 532 1496; x_wconf 89' lang='lat' dir='ltr'>at</span> <span class='ocrx_word' id='word_1_164' title='bbox 571 1469 648 1510; x_wconf 91' lang='lat' dir='ltr'>ego</span> <span class='ocrx_word' id='word_1_165' title='bbox 691 1456 849 1510; x_wconf 86' lang='lat' dir='ltr'>gratias</span> <span class='ocrx_word' id='word_1_166' title='bbox 888 1456 1065 1509; x_wconf 79' lang='lat' dir='ltr'>agebam</span> <span class='ocrx_word' id='word_1_167' title='bbox 1105 1456 1216 1496; x_wconf 87' lang='lat' dir='ltr'>bono</span> <span class='ocrx_word' id='word_1_168' title='bbox 1255 1471 1399 1510; x_wconf 71' lang='lat' dir='ltr'>puero.</span> 
     </span>
     <span class='ocr_line' id='line_1_25' title="bbox 54 1515 1398 1568; baseline 0.001 -13"><span class='ocrx_word' id='word_1_169' title='bbox 54 1515 167 1568; x_wconf 83' lang='lat' dir='ltr'>quod</span> <span class='ocrx_word' id='word_1_170' title='bbox 193 1515 342 1556; x_wconf 88' lang='lat' dir='ltr'>saltem</span> <span class='ocrx_word' id='word_1_171' title='bbox 369 1517 563 1556; x_wconf 86' lang='lat' dir='ltr'>mortuus</span> <span class='ocrx_word' id='word_1_172' title='bbox 591 1529 717 1555; x_wconf 87' lang='lat' dir='ltr'>unam</span> <span class='ocrx_word' id='word_1_173' title='bbox 745 1515 1012 1555; x_wconf 84' lang='lat' dir='ltr'>carnificinae</span> <span class='ocrx_word' id='word_1_174' title='bbox 1039 1530 1156 1556; x_wconf 86' lang='lat' dir='ltr'>meae</span> <span class='ocrx_word' id='word_1_175' title='bbox 1190 1515 1398 1556; x_wconf 86' lang='lat' dir='ltr'>dieculam</span> 
     </span>
    </p>

    <p class='ocr_par' dir='ltr' id='par_1_4' title="bbox 18 1573 1399 1865">
     <span class='ocr_line' id='line_1_26' title="bbox 18 1573 1394 1629; baseline 0 -14"><span class='ocrx_word' id='word_1_176' title='bbox 18 1591 34 1617; x_wconf 86' lang='lat'>5</span> <span class='ocrx_word' id='word_1_177' title='bbox 55 1574 260 1614; x_wconf 87' lang='lat' dir='ltr'>donasset.</span> <span class='ocrx_word' id='word_1_178' title='bbox 323 1589 397 1615; x_wconf 89' lang='lat' dir='ltr'>nec</span> <span class='ocrx_word' id='word_1_179' title='bbox 442 1577 583 1614; x_wconf 87' lang='lat' dir='ltr'>tamen</span> <span class='ocrx_word' id='word_1_180' title='bbox 634 1573 850 1614; x_wconf 88' lang='lat' dir='ltr'>tantillum</span> <span class='ocrx_word' id='word_1_181' title='bbox 900 1574 978 1614; x_wconf 89' lang='lat' dir='ltr'>sal·</span> <span class='ocrx_word' id='word_1_182' title='bbox 1012 1574 1068 1629; x_wconf 86' lang='lat' dir='ltr'>[p.</span> <span class='ocrx_word' id='word_1_183' title='bbox 1095 1574 1188 1614; x_wconf 77' lang='lat'>133.</span> <span class='ocrx_word' id='word_1_184' title='bbox 1209 1574 1277 1628; x_wconf 87' lang='lat' dir='ltr'>E]</span> <span class='ocrx_word' id='word_1_185' title='bbox 1312 1577 1394 1615; x_wconf 87' lang='lat' dir='ltr'>tem</span> 
     </span>
     <span class='ocr_line' id='line_1_27' title="bbox 54 1633 1399 1687; baseline 0.001 -14"><span class='ocrx_word' id='word_1_186' title='bbox 54 1633 330 1687; x_wconf 86' lang='lat' dir='ltr'>gratulationi</span> <span class='ocrx_word' id='word_1_187' title='bbox 362 1647 478 1674; x_wconf 87' lang='lat' dir='ltr'>meae</span> <span class='ocrx_word' id='word_1_188' title='bbox 506 1633 692 1687; x_wconf 89' lang='lat' dir='ltr'>quietiue</span> <span class='ocrx_word' id='word_1_189' title='bbox 726 1633 910 1687; x_wconf 89' lang='lat' dir='ltr'>spatium</span> <span class='ocrx_word' id='word_1_190' title='bbox 938 1634 1095 1674; x_wconf 86' lang='lat' dir='ltr'>datum.</span> <span class='ocrx_word' id='word_1_191' title='bbox 1137 1649 1235 1674; x_wconf 87' lang='lat' dir='ltr'>nam</span> <span class='ocrx_word' id='word_1_192' title='bbox 1262 1637 1399 1675; x_wconf 86' lang='lat' dir='ltr'>mater</span> 
     </span>
     <span class='ocr_line' id='line_1_28' title="bbox 53 1692 1397 1746; baseline 0.001 -14"><span class='ocrx_word' id='word_1_193' title='bbox 53 1692 173 1745; x_wconf 89' lang='lat' dir='ltr'>pueri</span> <span class='ocrx_word' id='word_1_194' title='bbox 211 1695 391 1733; x_wconf 88' lang='lat' dir='ltr'>mortem</span> <span class='ocrx_word' id='word_1_195' title='bbox 430 1692 654 1746; x_wconf 84' lang='lat' dir='ltr'>deplorans</span> <span class='ocrx_word' id='word_1_196' title='bbox 693 1692 886 1733; x_wconf 84' lang='lat' dir='ltr'>acerbam</span> <span class='ocrx_word' id='word_1_197' title='bbox 924 1692 1019 1746; x_wconf 79' lang='lat' dir='ltr'>filii,</span> <span class='ocrx_word' id='word_1_198' title='bbox 1059 1694 1157 1733; x_wconf 87' lang='lat' dir='ltr'>fleta</span> <span class='ocrx_word' id='word_1_199' title='bbox 1196 1696 1238 1734; x_wconf 89' lang='lat' dir='ltr'>et</span> <span class='ocrx_word' id='word_1_200' title='bbox 1279 1693 1397 1733; x_wconf 85' lang='lat' dir='ltr'>lacri-</span> 
     </span>
     <span class='ocr_line' id='line_1_29' title="bbox 53 1751 1398 1805; baseline 0.001 -14"><span class='ocrx_word' id='word_1_201' title='bbox 53 1765 172 1791; x_wconf 90' lang='lat' dir='ltr'>mosa</span> <span class='ocrx_word' id='word_1_202' title='bbox 209 1751 410 1805; x_wconf 88' lang='lat' dir='ltr'>fuscaque</span> <span class='ocrx_word' id='word_1_203' title='bbox 448 1754 565 1792; x_wconf 86' lang='lat' dir='ltr'>ueste</span> <span class='ocrx_word' id='word_1_204' title='bbox 599 1754 808 1805; x_wconf 69' lang='lat' dir='ltr'>contecta,</span> <span class='ocrx_word' id='word_1_205' title='bbox 841 1752 1045 1792; x_wconf 84' lang='lat' dir='ltr'>ambabus</span> <span class='ocrx_word' id='word_1_206' title='bbox 1078 1752 1274 1793; x_wconf 86' lang='lat' dir='ltr'>manibus</span> <span class='ocrx_word' id='word_1_207' title='bbox 1317 1755 1398 1792; x_wconf 84' lang='lat' dir='ltr'>tra-</span> 
     </span>
     <span class='ocr_line' id='line_1_30' title="bbox 52 1809 1393 1865; baseline 0.001 -15"><span class='ocrx_word' id='word_1_208' title='bbox 52 1809 158 1850; x_wconf 87' lang='lat' dir='ltr'>hens</span> <span class='ocrx_word' id='word_1_209' title='bbox 185 1810 418 1851; x_wconf 87' lang='lat' dir='ltr'>cinerosam</span> <span class='ocrx_word' id='word_1_210' title='bbox 438 1811 649 1863; x_wconf 71' lang='lat' dir='ltr'>canitiem,</span> <span class='ocrx_word' id='word_1_211' title='bbox 674 1810 868 1851; x_wconf 90' lang='lat' dir='ltr'>heiulans</span> <span class='ocrx_word' id='word_1_212' title='bbox 889 1814 930 1851; x_wconf 90' lang='lat' dir='ltr'>et</span> <span class='ocrx_word' id='word_1_213' title='bbox 950 1811 1100 1852; x_wconf 79' lang='lat' dir='ltr'>exinde</span> <span class='ocrx_word' id='word_1_214' title='bbox 1126 1811 1393 1865; x_wconf 84' lang='lat' dir='ltr'>proclamans</span> 
     </span>
    </p>

    <p class='ocr_par' dir='ltr' id='par_1_5' title="bbox 18 1869 1396 2041">
     <span class='ocr_line' id='line_1_31' title="bbox 18 1869 1396 1923; baseline 0.001 -14"><span class='ocrx_word' id='word_1_215' title='bbox 18 1887 34 1912; x_wconf 90' lang='lat'>0</span> <span class='ocrx_word' id='word_1_216' title='bbox 54 1869 267 1910; x_wconf 87' lang='lat' dir='ltr'>stabulum</span> <span class='ocrx_word' id='word_1_217' title='bbox 294 1869 501 1923; x_wconf 87' lang='lat' dir='ltr'>inrumpit</span> <span class='ocrx_word' id='word_1_218' title='bbox 526 1884 666 1910; x_wconf 90' lang='lat' dir='ltr'>meum</span> <span class='ocrx_word' id='word_1_219' title='bbox 693 1870 915 1923; x_wconf 86' lang='lat' dir='ltr'>tunsisque</span> <span class='ocrx_word' id='word_1_220' title='bbox 942 1885 987 1911; x_wconf 86' lang='lat' dir='ltr'>ac</span> <span class='ocrx_word' id='word_1_221' title='bbox 1017 1870 1296 1911; x_wconf 82' lang='lat' dir='ltr'>diuerberatis</span> <span class='ocrx_word' id='word_1_222' title='bbox 1329 1885 1396 1911; x_wconf 87' lang='lat' dir='ltr'>ue-</span> 
     </span>
     <span class='ocr_line' id='line_1_32' title="bbox 52 1927 1396 1982; baseline 0.001 -14"><span class='ocrx_word' id='word_1_223' title='bbox 52 1927 271 1969; x_wconf 85' lang='lat' dir='ltr'>hementer</span> <span class='ocrx_word' id='word_1_224' title='bbox 302 1929 503 1969; x_wconf 89' lang='lat' dir='ltr'>uberibus</span> <span class='ocrx_word' id='word_1_225' title='bbox 531 1929 679 1982; x_wconf 86' lang='lat' dir='ltr'>incipit</span> <span class='ocrx_word' id='word_1_226' title='bbox 712 1929 768 1969; x_wconf 72' lang='lat' dir='ltr'>‘et</span> <span class='ocrx_word' id='word_1_227' title='bbox 794 1944 903 1969; x_wconf 79' lang='lat' dir='ltr'>nunc</span> <span class='ocrx_word' id='word_1_228' title='bbox 930 1930 1010 1970; x_wconf 87' lang='lat' dir='ltr'>iste</span> <span class='ocrx_word' id='word_1_229' title='bbox 1038 1944 1211 1970; x_wconf 81' lang='lat' dir='ltr'>securus</span> <span class='ocrx_word' id='word_1_230' title='bbox 1238 1930 1396 1970; x_wconf 88' lang='lat' dir='ltr'>incum-</span> 
     </span>
     <span class='ocr_line' id='line_1_33' title="bbox 54 1986 1396 2041; baseline 0.001 -14"><span class='ocrx_word' id='word_1_231' title='bbox 54 1986 157 2027; x_wconf 88' lang='lat' dir='ltr'>bens</span> <span class='ocrx_word' id='word_1_232' title='bbox 188 1988 407 2041; x_wconf 87' lang='lat' dir='ltr'>praesepio</span> <span class='ocrx_word' id='word_1_233' title='bbox 440 1988 665 2029; x_wconf 83' lang='lat' dir='ltr'>uoracitati</span> <span class='ocrx_word' id='word_1_234' title='bbox 698 2003 796 2029; x_wconf 88' lang='lat' dir='ltr'>suae</span> <span class='ocrx_word' id='word_1_235' title='bbox 824 1988 1008 2029; x_wconf 86' lang='lat' dir='ltr'>deseruit</span> <span class='ocrx_word' id='word_1_236' title='bbox 1038 1992 1079 2030; x_wconf 89' lang='lat' dir='ltr'>et</span> <span class='ocrx_word' id='word_1_237' title='bbox 1111 1989 1396 2029; x_wconf 84' lang='lat' dir='ltr'>insatiabilem</span> 
     </span>
    </p>
   </div>
   <div class='ocr_carea' id='block_1_3' title="bbox 55 2090 1401 2328">
    <p class='ocr_par' dir='ltr' id='par_1_6' title="bbox 55 2090 1401 2328">
     <span class='ocr_line' id='line_1_34' title="bbox 151 2090 1397 2150; baseline 0 -13"><span class='ocrx_word' id='word_1_238' title='bbox 151 2107 167 2136; x_wconf 92' lang='lat'>1</span> <span class='ocrx_word' id='word_1_239' title='bbox 196 2103 360 2147; x_wconf 86' lang='lat' dir='ltr'>operitur</span> <span class='ocrx_word' id='word_1_240' title='bbox 379 2104 426 2137; x_wconf 70' lang='lat' dir='ltr'>F*2</span> <span class='ocrx_word' id='word_1_241' title='bbox 451 2106 485 2148; x_wconf 88' lang='lat' dir='ltr'>(o</span> <span class='ocrx_word' id='word_1_242' title='bbox 506 2106 712 2139; x_wconf 64' lang='lat' dir='ltr'>correctoris</span> <span class='ocrx_word' id='word_1_243' title='bbox 731 2107 793 2148; x_wconf 73' lang='lat' dir='ltr'>est)</span> <span class='ocrx_word' id='word_1_244' title='bbox 814 2106 868 2149; x_wconf 65' lang='lat' dir='ltr'>&amp;g</span> <span class='ocrx_word' id='word_1_245' title='bbox 900 2090 973 2150; x_wconf 43' lang='lat' dir='ltr'>agir</span> <span class='ocrx_word' id='word_1_246' title='bbox 1000 2118 1027 2148; x_wconf 79' lang='grc' dir='ltr'>φ</span> <span class='ocrx_word' id='word_1_247' title='bbox 1055 2104 1081 2150; x_wconf 86' lang='lat' dir='ltr'>(i</span> <span class='ocrx_word' id='word_1_248' title='bbox 1107 2106 1191 2139; x_wconf 78' lang='lat' dir='ltr'>add.</span> <span class='ocrx_word' id='word_1_249' title='bbox 1207 2117 1250 2139; x_wconf 81' lang='lat' dir='ltr'>m.</span> <span class='ocrx_word' id='word_1_250' title='bbox 1266 2108 1310 2147; x_wconf 56' lang='grc' dir='ltr'>ϊ.)</span> <span class='ocrx_word' id='word_1_251' title='bbox 1343 2116 1397 2138; x_wconf 88' lang='lat' dir='ltr'>re-</span> 
     </span>
     <span class='ocr_line' id='line_1_35' title="bbox 55 2149 1397 2197; baseline 0.002 -15"><span class='ocrx_word' id='word_1_252' title='bbox 55 2149 196 2192; x_wconf 84' lang='lat' dir='ltr'>peritur</span> <span class='ocrx_word' id='word_1_253' title='bbox 218 2150 307 2186; x_wconf 75' lang='lat' dir='ltr'>oud.</span> <span class='ocrx_word' id='word_1_254' title='bbox 329 2152 462 2196; x_wconf 72' lang='lat' dir='ltr'>Weym.</span> <span class='ocrx_word' id='word_1_255' title='bbox 484 2153 539 2186; x_wconf 77' lang='lat' dir='ltr'>cll.</span> <span class='ocrx_word' id='word_1_256' title='bbox 564 2155 700 2186; x_wconf 64' lang='lat'>17314</span> <span class='ocrx_word' id='word_1_257' title='bbox 779 2155 799 2186; x_wconf 82' lang='lat'>8</span> <span class='ocrx_word' id='word_1_258' title='bbox 828 2152 1051 2197; x_wconf 80' lang='lat' dir='ltr'>&lt;collectis&gt;</span> <span class='ocrx_word' id='word_1_259' title='bbox 1075 2153 1212 2186; x_wconf 65' lang='lat' dir='ltr'>inserui</span> <span class='ocrx_word' id='word_1_260' title='bbox 1292 2156 1333 2185; x_wconf 80' lang='lat'>15</span> <span class='ocrx_word' id='word_1_261' title='bbox 1361 2155 1397 2185; x_wconf 76' lang='lat' dir='ltr'>et</span> 
     </span>
     <span class='ocr_line' id='line_1_36' title="bbox 56 2198 1396 2241; baseline 0.001 -11"><span class='ocrx_word' id='word_1_262' title='bbox 56 2206 121 2231; x_wconf 82' lang='lat' dir='ltr'>om.</span> <span class='ocrx_word' id='word_1_263' title='bbox 143 2210 170 2240; x_wconf 86' lang='grc' dir='ltr'><strong>φ</strong></span> <span class='ocrx_word' id='word_1_264' title='bbox 249 2201 293 2231; x_wconf 79' lang='grc'>20</span> <span class='ocrx_word' id='word_1_265' title='bbox 320 2198 505 2233; x_wconf 88' lang='lat' dir='ltr'>demetere</span> <span class='ocrx_word' id='word_1_266' title='bbox 522 2199 648 2232; x_wconf 68' lang='lat' dir='ltr'>Heius.</span> <span class='ocrx_word' id='word_1_267' title='bbox 664 2199 703 2233; x_wconf 85' lang='lat' dir='ltr'>E.</span> <span class='ocrx_word' id='word_1_268' title='bbox 732 2199 877 2233; x_wconf 88' lang='lat' dir='ltr'>demere</span> <span class='ocrx_word' id='word_1_269' title='bbox 897 2201 976 2235; x_wconf 78' lang='lat' dir='ltr'>cdd.</span> <span class='ocrx_word' id='word_1_270' title='bbox 1053 2203 1160 2232; x_wconf 65' lang='lat'>‘2021</span> <span class='ocrx_word' id='word_1_271' title='bbox 1190 2199 1222 2233; x_wconf 89' lang='lat' dir='ltr'>d.</span> <span class='ocrx_word' id='word_1_272' title='bbox 1241 2199 1350 2241; x_wconf 56' lang='lat' dir='ltr'>istozl</span> <span class='ocrx_word' id='word_1_273' title='bbox 1370 2198 1396 2231; x_wconf 92' lang='lat' dir='ltr'><strong>F</strong></span> 
     </span>
     <span class='ocr_line' id='line_1_37' title="bbox 57 2244 1401 2290; baseline 0.002 -14"><span class='ocrx_word' id='word_1_274' title='bbox 57 2244 125 2287; x_wconf 59' lang='lat' dir='ltr'>(oli</span> <span class='ocrx_word' id='word_1_275' title='bbox 152 2245 192 2278; x_wconf 71' lang='lat' dir='ltr'>in</span> <span class='ocrx_word' id='word_1_276' title='bbox 216 2246 302 2290; x_wconf 77' lang='lat' dir='ltr'>ras.)</span> <span class='ocrx_word' id='word_1_277' title='bbox 342 2246 376 2279; x_wconf 88' lang='lat' dir='ltr'>d.</span> <span class='ocrx_word' id='word_1_278' title='bbox 403 2245 542 2290; x_wconf 61' lang='lat' dir='ltr'>hocffg</span> <span class='ocrx_word' id='word_1_279' title='bbox 647 2250 688 2279; x_wconf 72' lang='grc'>29</span> <span class='ocrx_word' id='word_1_280' title='bbox 723 2248 845 2280; x_wconf 78' lang='lat' dir='ltr'>exerte</span> <span class='ocrx_word' id='word_1_281' title='bbox 872 2246 972 2281; x_wconf 58' lang='lat' dir='ltr'>Stena</span> <span class='ocrx_word' id='word_1_282' title='bbox 1000 2248 1055 2281; x_wconf 74' lang='lat' dir='ltr'>cll.</span> <span class='ocrx_word' id='word_1_283' title='bbox 1086 2251 1138 2280; x_wconf 87' lang='lat'>11.</span> <span class='ocrx_word' id='word_1_284' title='bbox 1156 2251 1174 2279; x_wconf 82' lang='grc'>3</span> <span class='ocrx_word' id='word_1_285' title='bbox 1208 2248 1252 2289; x_wconf 70' lang='lat' dir='ltr'>cf.</span> <span class='ocrx_word' id='word_1_286' title='bbox 1281 2251 1401 2280; x_wconf 62' lang='lat' dir='ltr'>{amen</span> 
     </span>
     <span class='ocr_line' id='line_1_38' title="bbox 56 2291 463 2328; baseline 0.01 -5"><span class='ocrx_word' id='word_1_287' title='bbox 56 2291 106 2324; x_wconf 79' lang='lat' dir='ltr'>ad</span> <span class='ocrx_word' id='word_1_288' title='bbox 133 2294 208 2326; x_wconf 82' lang='lat'>112.</span> <span class='ocrx_word' id='word_1_289' title='bbox 225 2295 243 2325; x_wconf 83' lang='lat'>9</span> <span class='ocrx_word' id='word_1_290' title='bbox 270 2297 302 2327; x_wconf 75' lang='lat' dir='ltr'>et</span> <span class='ocrx_word' id='word_1_291' title='bbox 329 2297 405 2327; x_wconf 78' lang='lat'>149.</span> <span class='ocrx_word' id='word_1_292' title='bbox 422 2297 463 2328; x_wconf 88' lang='grc'>31</span> 
     </span>
    </p>
   </div>
   <div class='ocr_carea' id='block_1_4' title="bbox 126 2356 1111 2386">
    <p class='ocr_par' dir='ltr' id='par_1_7' title="bbox 126 2356 1111 2386">
     <span class='ocr_line' id='line_1_39' title="bbox 126 2356 1111 2386; baseline 0.006 -6"><span class='ocrx_word' id='word_1_293' title='bbox 126 2356 250 2382; x_wconf 63' lang='lat' dir='ltr'>Apum</span> <span class='ocrx_word' id='word_1_294' title='bbox 269 2365 390 2384; x_wconf 71' lang='lat' dir='ltr'>METAM.</span> <span class='ocrx_word' id='word_1_295' title='bbox 410 2359 454 2384; x_wconf 89' lang='lat' dir='ltr'>ed.</span> <span class='ocrx_word' id='word_1_296' title='bbox 476 2359 581 2384; x_wconf 67' lang='lat' dir='ltr'>Vliet</span> <span class='ocrx_word' id='word_1_297' title='bbox 1073 2356 1111 2386; x_wconf 89' lang='grc'>11</span> 
     </span>
    </p>
   </div>
  </div>
 </body>
</html>
