<?xml version="1.0" encoding="UTF-8"?>
<!DOCTYPE html PUBLIC "-//W3C//DTD XHTML 1.0 Transitional//EN"
    "http://www.w3.org/TR/xhtml1/DTD/xhtml1-transitional.dtd">
<html xmlns="http://www.w3.org/1999/xhtml" xml:lang="en" lang="en">
 <head>
  <title>
</title>
<meta http-equiv="Content-Type" content="text/html;charset=utf-8" />
  <meta name='ocr-system' content='tesseract 3.04.00' />
  <meta name='ocr-capabilities' content='ocr_page ocr_carea ocr_par ocr_line ocrx_word'/>
</head>
<body>
  <div class='ocr_page' id='page_1' title='image "./metamorphoseonli00apuluoft/metamorphoseonli00apuluoft_0277.png"; bbox 0 0 1591 2556; ppageno 0'>
   <div class='ocr_carea' id='block_1_1' title="bbox 540 88 1418 137">
    <p class='ocr_par' dir='ltr' id='par_1_1' title="bbox 540 88 1418 137">
     <span class='ocr_line' id='line_1_1' title="bbox 540 88 1418 137; baseline 0.01 -9"><span class='ocrx_word' id='word_1_1' title='bbox 540 93 640 129; x_wconf 85' lang='lat' dir='ltr'>CAP.</span> <span class='ocrx_word' id='word_1_2' title='bbox 666 88 953 128; x_wconf 84' lang='lat' dir='ltr'>XXII-XXIIII</span> <span class='ocrx_word' id='word_1_3' title='bbox 1331 95 1418 137; x_wconf 80' lang='grc'>24].</span> 
     </span>
    </p>
   </div>
   <div class='ocr_carea' id='block_1_2' title="bbox 0 190 1426 1898">
    <p class='ocr_par' dir='ltr' id='par_1_2' title="bbox 41 190 1421 658">
     <span class='ocr_line' id='line_1_2' title="bbox 73 190 1418 244; baseline 0 -11"><span class='ocrx_word' id='word_1_4' title='bbox 73 194 186 233; x_wconf 90' lang='lat' dir='ltr'>esset</span> <span class='ocrx_word' id='word_1_5' title='bbox 223 191 384 233; x_wconf 91' lang='lat' dir='ltr'>editum</span> <span class='ocrx_word' id='word_1_6' title='bbox 421 193 652 232; x_wconf 85' lang='lat' dir='ltr'>necaretur.</span> <span class='ocrx_word' id='word_1_7' title='bbox 714 192 757 231; x_wconf 90' lang='lat' dir='ltr'>at</span> <span class='ocrx_word' id='word_1_8' title='bbox 787 190 861 230; x_wconf 85' lang='lat' dir='ltr'>illa</span> <span class='ocrx_word' id='word_1_9' title='bbox 896 204 970 244; x_wconf 74' lang='lat' dir='ltr'>per</span> <span class='ocrx_word' id='word_1_10' title='bbox 1006 190 1241 232; x_wconf 75' lang='lat' dir='ltr'>absentiam</span> <span class='ocrx_word' id='word_1_11' title='bbox 1271 191 1418 234; x_wconf 84' lang='lat' dir='ltr'>mar-iti</span> 
     </span>
     <span class='ocr_line' id='line_1_3' title="bbox 73 249 1420 305; baseline 0.001 -13"><span class='ocrx_word' id='word_1_12' title='bbox 73 253 217 292; x_wconf 83' lang='lat' dir='ltr'>natam</span> <span class='ocrx_word' id='word_1_13' title='bbox 242 250 428 305; x_wconf 84' lang='lat' dir='ltr'>puellam</span> <span class='ocrx_word' id='word_1_14' title='bbox 453 249 707 303; x_wconf 71' lang='lat' dir='ltr'>&lt;perimere&gt;</span> <span class='ocrx_word' id='word_1_15' title='bbox 732 249 862 290; x_wconf 88' lang='lat' dir='ltr'>insita</span> <span class='ocrx_word' id='word_1_16' title='bbox 886 249 1094 290; x_wconf 89' lang='lat' dir='ltr'>matribus</span> <span class='ocrx_word' id='word_1_17' title='bbox 1120 250 1277 304; x_wconf 87' lang='lat' dir='ltr'>pietate</span> <span class='ocrx_word' id='word_1_18' title='bbox 1302 265 1420 304; x_wconf 86' lang='lat' dir='ltr'>prae-</span> 
     </span>
     <span class='ocr_line' id='line_1_4' title="bbox 74 308 1419 364; baseline 0 -13"><span class='ocrx_word' id='word_1_19' title='bbox 74 312 214 364; x_wconf 88' lang='lat' dir='ltr'>uenta,</span> <span class='ocrx_word' id='word_1_20' title='bbox 246 309 425 351; x_wconf 89' lang='lat' dir='ltr'>desciuit</span> <span class='ocrx_word' id='word_1_21' title='bbox 457 309 508 350; x_wconf 90' lang='lat' dir='ltr'>ab</span> <span class='ocrx_word' id='word_1_22' title='bbox 541 308 744 362; x_wconf 89' lang='lat' dir='ltr'>obsequio</span> <span class='ocrx_word' id='word_1_23' title='bbox 776 308 921 349; x_wconf 88' lang='lat' dir='ltr'>mariti</span> <span class='ocrx_word' id='word_1_24' title='bbox 945 323 1120 363; x_wconf 89' lang='lat' dir='ltr'>eamque</span> <span class='ocrx_word' id='word_1_25' title='bbox 1146 309 1334 363; x_wconf 87' lang='lat' dir='ltr'>prodidit</span> <span class='ocrx_word' id='word_1_26' title='bbox 1359 310 1419 351; x_wconf 91' lang='lat' dir='ltr'>ui-</span> 
     </span>
     <span class='ocr_line' id='line_1_5' title="bbox 77 367 1421 422; baseline 0.001 -12"><span class='ocrx_word' id='word_1_27' title='bbox 77 369 183 410; x_wconf 85' lang='lat' dir='ltr'>cinis</span> <span class='ocrx_word' id='word_1_28' title='bbox 215 368 513 409; x_wconf 88' lang='lat' dir='ltr'>alumnandam</span> <span class='ocrx_word' id='word_1_29' title='bbox 550 381 826 422; x_wconf 86' lang='lat' dir='ltr'>regressoque</span> <span class='ocrx_word' id='word_1_30' title='bbox 863 367 947 408; x_wconf 90' lang='lat' dir='ltr'>iam</span> <span class='ocrx_word' id='word_1_31' title='bbox 987 367 1140 409; x_wconf 90' lang='lat' dir='ltr'>marito</span> <span class='ocrx_word' id='word_1_32' title='bbox 1177 370 1320 409; x_wconf 88' lang='lat' dir='ltr'>natam</span> <span class='ocrx_word' id='word_1_33' title='bbox 1352 384 1421 411; x_wconf 90' lang='lat' dir='ltr'>ne-</span> 
     </span>
     <span class='ocr_line' id='line_1_6' title="bbox 41 426 1420 481; baseline 0.001 -12"><span class='ocrx_word' id='word_1_34' title='bbox 41 443 58 469; x_wconf 84' lang='lat'><strong>5</strong></span> <span class='ocrx_word' id='word_1_35' title='bbox 79 430 298 481; x_wconf 90' lang='lat' dir='ltr'>catamque</span> <span class='ocrx_word' id='word_1_36' title='bbox 341 427 567 468; x_wconf 89' lang='lat' dir='ltr'>nuntiauit.</span> <span class='ocrx_word' id='word_1_37' title='bbox 635 426 709 467; x_wconf 85' lang='lat' dir='ltr'>sed</span> <span class='ocrx_word' id='word_1_38' title='bbox 751 426 825 467; x_wconf 90' lang='lat' dir='ltr'>ubi</span> <span class='ocrx_word' id='word_1_39' title='bbox 867 427 946 468; x_wconf 90' lang='lat' dir='ltr'>flos</span> <span class='ocrx_word' id='word_1_40' title='bbox 990 427 1142 468; x_wconf 88' lang='lat' dir='ltr'>aetatis</span> <span class='ocrx_word' id='word_1_41' title='bbox 1185 427 1420 481; x_wconf 74' lang='lat' dir='ltr'>nuptialem</span> 
     </span>
     <span class='ocr_line' id='line_1_7' title="bbox 75 485 1421 541; baseline 0.001 -14"><span class='ocrx_word' id='word_1_42' title='bbox 75 486 234 541; x_wconf 90' lang='lat' dir='ltr'>uirgini</span> <span class='ocrx_word' id='word_1_43' title='bbox 259 486 370 527; x_wconf 87' lang='lat' dir='ltr'>diem</span> <span class='ocrx_word' id='word_1_44' title='bbox 397 486 629 541; x_wconf 86' lang='lat' dir='ltr'>flagitabat,</span> <span class='ocrx_word' id='word_1_45' title='bbox 660 500 737 527; x_wconf 90' lang='lat' dir='ltr'>nec</span> <span class='ocrx_word' id='word_1_46' title='bbox 762 485 912 540; x_wconf 85' lang='lat' dir='ltr'>ignaro</span> <span class='ocrx_word' id='word_1_47' title='bbox 937 486 1091 527; x_wconf 88' lang='lat' dir='ltr'>marito</span> <span class='ocrx_word' id='word_1_48' title='bbox 1118 486 1262 527; x_wconf 88' lang='lat' dir='ltr'>dotare</span> <span class='ocrx_word' id='word_1_49' title='bbox 1287 486 1421 528; x_wconf 88' lang='lat' dir='ltr'>filiam</span> 
     </span>
     <span class='ocr_line' id='line_1_8' title="bbox 76 544 1420 600; baseline 0.001 -14"><span class='ocrx_word' id='word_1_50' title='bbox 76 560 152 600; x_wconf 90' lang='lat' dir='ltr'>pro</span> <span class='ocrx_word' id='word_1_51' title='bbox 184 544 398 587; x_wconf 88' lang='lat' dir='ltr'>natalibus</span> <span class='ocrx_word' id='word_1_52' title='bbox 432 545 591 599; x_wconf 89' lang='lat' dir='ltr'>quibat,</span> <span class='ocrx_word' id='word_1_53' title='bbox 628 545 742 599; x_wconf 88' lang='lat' dir='ltr'>quod</span> <span class='ocrx_word' id='word_1_54' title='bbox 777 544 914 586; x_wconf 89' lang='lat' dir='ltr'>solum</span> <span class='ocrx_word' id='word_1_55' title='bbox 946 545 1099 599; x_wconf 84' lang='lat' dir='ltr'>potuit,</span> <span class='ocrx_word' id='word_1_56' title='bbox 1130 545 1219 586; x_wconf 90' lang='lat' dir='ltr'>filio</span> <span class='ocrx_word' id='word_1_57' title='bbox 1252 560 1328 587; x_wconf 92' lang='lat' dir='ltr'>suo</span> <span class='ocrx_word' id='word_1_58' title='bbox 1362 549 1420 587; x_wconf 87' lang='lat' dir='ltr'>ta-</span> 
     </span>
     <span class='ocr_line' id='line_1_9' title="bbox 76 604 1421 658; baseline 0.001 -13"><span class='ocrx_word' id='word_1_59' title='bbox 76 604 207 647; x_wconf 84' lang='lat' dir='ltr'>citum</span> <span class='ocrx_word' id='word_1_60' title='bbox 239 607 447 645; x_wconf 90' lang='lat' dir='ltr'>secretum</span> <span class='ocrx_word' id='word_1_61' title='bbox 481 604 656 658; x_wconf 88' lang='lat' dir='ltr'>aperuit.</span> <span class='ocrx_word' id='word_1_62' title='bbox 705 618 803 644; x_wconf 87' lang='lat' dir='ltr'>nam</span> <span class='ocrx_word' id='word_1_63' title='bbox 835 606 877 645; x_wconf 91' lang='lat' dir='ltr'>et</span> <span class='ocrx_word' id='word_1_64' title='bbox 909 604 1063 658; x_wconf 87' lang='lat' dir='ltr'>oppido</span> <span class='ocrx_word' id='word_1_65' title='bbox 1096 605 1323 646; x_wconf 90' lang='lat' dir='ltr'>uerebatur</span> <span class='ocrx_word' id='word_1_66' title='bbox 1353 620 1421 647; x_wconf 57' lang='lat' dir='ltr'>nee</span> 
     </span>
    </p>

    <p class='ocr_par' dir='ltr' id='par_1_3' title="bbox 0 662 1426 1898">
     <span class='ocr_line' id='line_1_10' title="bbox 1 662 1421 719; baseline 0.001 -15"><span class='ocrx_word' id='word_1_67' title='bbox 1 716 2 719; x_wconf 11' lang='grc' dir='ltr'><strong>Ἴ</strong></span> <span class='ocrx_word' id='word_1_68' title='bbox 77 678 160 718; x_wconf 90' lang='lat' dir='ltr'>quo</span> <span class='ocrx_word' id='word_1_69' title='bbox 181 677 280 704; x_wconf 88' lang='lat' dir='ltr'>casu</span> <span class='ocrx_word' id='word_1_70' title='bbox 302 663 452 704; x_wconf 88' lang='lat' dir='ltr'>caloris</span> <span class='ocrx_word' id='word_1_71' title='bbox 473 663 681 704; x_wconf 83' lang='lat' dir='ltr'>iuuenalis</span> <span class='ocrx_word' id='word_1_72' title='bbox 700 663 863 717; x_wconf 88' lang='lat' dir='ltr'>impetu</span> <span class='ocrx_word' id='word_1_73' title='bbox 883 662 1027 717; x_wconf 89' lang='lat' dir='ltr'>lapsus</span> <span class='ocrx_word' id='word_1_74' title='bbox 1047 664 1213 704; x_wconf 88' lang='lat' dir='ltr'>nescius</span> <span class='ocrx_word' id='word_1_75' title='bbox 1236 664 1421 705; x_wconf 80' lang='lat' dir='ltr'>nesciam</span> 
     </span>
     <span class='ocr_line' id='line_1_11' title="bbox 0 722 1422 776; baseline 0.001 -13"><span class='ocrx_word' id='word_1_76' title='bbox 0 739 56 776; x_wconf 57' lang='grc' dir='ltr'>1ιο</span> <span class='ocrx_word' id='word_1_77' title='bbox 75 737 263 763; x_wconf 88' lang='lat' dir='ltr'>sororem</span> <span class='ocrx_word' id='word_1_78' title='bbox 301 722 543 764; x_wconf 72' lang='lat' dir='ltr'>incurreret.</span> <span class='ocrx_word' id='word_1_79' title='bbox 607 722 680 763; x_wconf 91' lang='lat' dir='ltr'>sed</span> <span class='ocrx_word' id='word_1_80' title='bbox 716 722 888 776; x_wconf 87' lang='lat' dir='ltr'>pietatis</span> <span class='ocrx_word' id='word_1_81' title='bbox 927 724 1139 776; x_wconf 80' lang='lat' dir='ltr'>spectatae</span> <span class='ocrx_word' id='word_1_82' title='bbox 1178 723 1345 764; x_wconf 90' lang='lat' dir='ltr'>iuuenis</span> <span class='ocrx_word' id='word_1_83' title='bbox 1380 726 1422 765; x_wconf 90' lang='lat' dir='ltr'>et</span> 
     </span>
     <span class='ocr_line' id='line_1_12' title="bbox 74 781 1421 836; baseline 0.001 -14"><span class='ocrx_word' id='word_1_84' title='bbox 74 782 223 822; x_wconf 86' lang='lat' dir='ltr'>matris</span> <span class='ocrx_word' id='word_1_85' title='bbox 255 781 505 835; x_wconf 84' lang='lat' dir='ltr'>obsequium</span> <span class='ocrx_word' id='word_1_86' title='bbox 537 783 580 822; x_wconf 92' lang='lat' dir='ltr'>et</span> <span class='ocrx_word' id='word_1_87' title='bbox 610 781 768 822; x_wconf 89' lang='lat' dir='ltr'>sororis</span> <span class='ocrx_word' id='word_1_88' title='bbox 807 781 995 822; x_wconf 87' lang='lat' dir='ltr'>officium</span> <span class='ocrx_word' id='word_1_89' title='bbox 1026 781 1224 836; x_wconf 81' lang='lat' dir='ltr'>religiose</span> <span class='ocrx_word' id='word_1_90' title='bbox 1257 782 1421 836; x_wconf 82' lang='lat' dir='ltr'>dispen—</span> 
     </span>
     <span class='ocr_line' id='line_1_13' title="bbox 75 840 1421 894; baseline 0.001 -13"><span class='ocrx_word' id='word_1_91' title='bbox 75 843 142 881; x_wconf 87' lang='lat' dir='ltr'>sat</span> <span class='ocrx_word' id='word_1_92' title='bbox 173 843 226 894; x_wconf 84' lang='lat' dir='ltr'>et,</span> <span class='ocrx_word' id='word_1_93' title='bbox 258 841 420 881; x_wconf 87' lang='lat' dir='ltr'>arcanis</span> <span class='ocrx_word' id='word_1_94' title='bbox 448 840 597 881; x_wconf 92' lang='lat' dir='ltr'>domus</span> <span class='ocrx_word' id='word_1_95' title='bbox 629 840 884 881; x_wconf 88' lang='lat' dir='ltr'>uenerabilis</span> <span class='ocrx_word' id='word_1_96' title='bbox 912 840 1071 882; x_wconf 91' lang='lat' dir='ltr'>silentii</span> <span class='ocrx_word' id='word_1_97' title='bbox 1097 841 1313 882; x_wconf 83' lang='lat' dir='ltr'>custodiae</span> <span class='ocrx_word' id='word_1_98' title='bbox 1340 845 1421 882; x_wconf 91' lang='lat' dir='ltr'>tra-</span> 
     </span>
     <span class='ocr_line' id='line_1_14' title="bbox 76 899 1422 953; baseline 0.001 -13"><span class='ocrx_word' id='word_1_99' title='bbox 76 899 189 953; x_wconf 75' lang='lat' dir='ltr'>ditis,</span> <span class='ocrx_word' id='word_1_100' title='bbox 230 899 438 953; x_wconf 87' lang='lat' dir='ltr'>plebeiam</span> <span class='ocrx_word' id='word_1_101' title='bbox 477 899 584 940; x_wconf 88' lang='lat' dir='ltr'>facie</span> <span class='ocrx_word' id='word_1_102' title='bbox 622 901 745 940; x_wconf 88' lang='lat' dir='ltr'>tenus</span> <span class='ocrx_word' id='word_1_103' title='bbox 782 899 1061 953; x_wconf 88' lang='lat' dir='ltr'>praetendens</span> <span class='ocrx_word' id='word_1_104' title='bbox 1099 899 1422 953; x_wconf 80' lang='lat' dir='ltr'>humanitatem,</span> 
     </span>
     <span class='ocr_line' id='line_1_15' title="bbox 76 958 1421 1013; baseline 0.001 -14"><span class='ocrx_word' id='word_1_105' title='bbox 76 958 136 999; x_wconf 88' lang='lat' dir='ltr'>sic</span> <span class='ocrx_word' id='word_1_106' title='bbox 163 958 445 999; x_wconf 87' lang='lat' dir='ltr'>necessarium</span> <span class='ocrx_word' id='word_1_107' title='bbox 473 958 693 1013; x_wconf 80' lang='lat' dir='ltr'>sanguinis</span> <span class='ocrx_word' id='word_1_108' title='bbox 720 958 787 1000; x_wconf 90' lang='lat' dir='ltr'>sui</span> <span class='ocrx_word' id='word_1_109' title='bbox 811 973 966 999; x_wconf 89' lang='lat' dir='ltr'>munus</span> <span class='ocrx_word' id='word_1_110' title='bbox 993 959 1250 1013; x_wconf 80' lang='lat' dir='ltr'>adgreditur,</span> <span class='ocrx_word' id='word_1_111' title='bbox 1281 962 1330 1001; x_wconf 93' lang='lat' dir='ltr'>ut</span> <span class='ocrx_word' id='word_1_112' title='bbox 1355 960 1421 1000; x_wconf 93' lang='lat' dir='ltr'>de-</span> 
     </span>
     <span class='ocr_line' id='line_1_16' title="bbox 2 1016 1422 1071; baseline 0 -12"><span class='ocrx_word' id='word_1_113' title='bbox 2 1028 55 1060; x_wconf 90' lang='lat'>15</span> <span class='ocrx_word' id='word_1_114' title='bbox 75 1016 253 1058; x_wconf 87' lang='lat' dir='ltr'>solatam</span> <span class='ocrx_word' id='word_1_115' title='bbox 285 1017 469 1058; x_wconf 90' lang='lat' dir='ltr'>uicinam</span> <span class='ocrx_word' id='word_1_116' title='bbox 495 1017 679 1071; x_wconf 88' lang='lat' dir='ltr'>puellam</span> <span class='ocrx_word' id='word_1_117' title='bbox 706 1020 1014 1071; x_wconf 89' lang='lat' dir='ltr'>parentumque</span> <span class='ocrx_word' id='word_1_118' title='bbox 1040 1018 1250 1071; x_wconf 88' lang='lat' dir='ltr'>praesidio</span> <span class='ocrx_word' id='word_1_119' title='bbox 1277 1019 1422 1060; x_wconf 86' lang='lat' dir='ltr'>uidua-</span> 
     </span>
     <span class='ocr_line' id='line_1_17' title="bbox 74 1076 1420 1130; baseline 0.001 -13"><span class='ocrx_word' id='word_1_120' title='bbox 74 1079 162 1117; x_wconf 90' lang='lat' dir='ltr'>tam</span> <span class='ocrx_word' id='word_1_121' title='bbox 203 1076 352 1117; x_wconf 90' lang='lat' dir='ltr'>domus</span> <span class='ocrx_word' id='word_1_122' title='bbox 393 1091 492 1117; x_wconf 89' lang='lat' dir='ltr'>suae</span> <span class='ocrx_word' id='word_1_123' title='bbox 532 1077 668 1117; x_wconf 88' lang='lat' dir='ltr'>tutela</span> <span class='ocrx_word' id='word_1_124' title='bbox 707 1079 943 1130; x_wconf 88' lang='lat' dir='ltr'>receptaret</span> <span class='ocrx_word' id='word_1_125' title='bbox 983 1091 1030 1117; x_wconf 91' lang='grc'>30</span> <span class='ocrx_word' id='word_1_126' title='bbox 1067 1091 1166 1118; x_wconf 86' lang='lat' dir='ltr'>mox</span> <span class='ocrx_word' id='word_1_127' title='bbox 1205 1078 1420 1120; x_wconf 88' lang='lat' dir='ltr'>artissimo</span> 
     </span>
     <span class='ocr_line' id='line_1_18' title="bbox 74 1134 1421 1191; baseline 0.001 -15"><span class='ocrx_word' id='word_1_128' title='bbox 74 1134 341 1189; x_wconf 88' lang='lat' dir='ltr'>multumque</span> <span class='ocrx_word' id='word_1_129' title='bbox 379 1135 462 1175; x_wconf 91' lang='lat' dir='ltr'>sibi</span> <span class='ocrx_word' id='word_1_130' title='bbox 494 1135 646 1176; x_wconf 87' lang='lat' dir='ltr'>dilecto</span> <span class='ocrx_word' id='word_1_131' title='bbox 678 1135 988 1189; x_wconf 79' lang='lat' dir='ltr'>contubernali,</span> <span class='ocrx_word' id='word_1_132' title='bbox 1025 1135 1206 1190; x_wconf 89' lang='lat' dir='ltr'>largitus</span> <span class='ocrx_word' id='word_1_133' title='bbox 1245 1136 1294 1177; x_wconf 92' lang='lat' dir='ltr'>de</span> <span class='ocrx_word' id='word_1_134' title='bbox 1327 1152 1421 1191; x_wconf 85' lang='lat' dir='ltr'>pro-</span> 
     </span>
     <span class='ocr_line' id='line_1_19' title="bbox 74 1194 1421 1248; baseline 0.003 -14"><span class='ocrx_word' id='word_1_135' title='bbox 74 1194 168 1248; x_wconf 90' lang='lat' dir='ltr'>prio</span> <span class='ocrx_word' id='word_1_136' title='bbox 206 1194 347 1235; x_wconf 91' lang='lat' dir='ltr'>dotem</span> <span class='ocrx_word' id='word_1_137' title='bbox 383 1194 696 1248; x_wconf 87' lang='lat' dir='ltr'>liberalissime,</span> <span class='ocrx_word' id='word_1_138' title='bbox 733 1194 928 1235; x_wconf 88' lang='lat' dir='ltr'>traderet.</span> <span class='ocrx_word' id='word_1_139' title='bbox 989 1194 1170 1235; x_wconf 89' lang='lat' dir='ltr'>XXIIII.</span> <span class='ocrx_word' id='word_1_140' title='bbox 1213 1196 1287 1237; x_wconf 91' lang='lat' dir='ltr'>sed</span> <span class='ocrx_word' id='word_1_141' title='bbox 1317 1195 1421 1238; x_wconf 88' lang='lat' dir='ltr'>haec</span> 
     </span>
     <span class='ocr_line' id='line_1_20' title="bbox 3 1253 1421 1309; baseline 0.003 -17"><span class='ocrx_word' id='word_1_142' title='bbox 3 1289 4 1292; x_wconf 75' lang='grc'>,</span> <span class='ocrx_word' id='word_1_143' title='bbox 74 1253 180 1295; x_wconf 88' lang='lat' dir='ltr'>bene</span> <span class='ocrx_word' id='word_1_144' title='bbox 213 1256 338 1307; x_wconf 89' lang='lat' dir='ltr'>atque</span> <span class='ocrx_word' id='word_1_145' title='bbox 364 1253 523 1307; x_wconf 88' lang='lat' dir='ltr'>optime</span> <span class='ocrx_word' id='word_1_146' title='bbox 548 1253 756 1307; x_wconf 89' lang='lat' dir='ltr'>plenaque</span> <span class='ocrx_word' id='word_1_147' title='bbox 783 1268 879 1295; x_wconf 88' lang='lat' dir='ltr'>cum</span> <span class='ocrx_word' id='word_1_148' title='bbox 905 1254 1185 1295; x_wconf 88' lang='lat' dir='ltr'>sanctimonia</span> <span class='ocrx_word' id='word_1_149' title='bbox 1212 1254 1421 1309; x_wconf 87' lang='lat' dir='ltr'>disposita</span> 
     </span>
     <span class='ocr_line' id='line_1_21' title="bbox 19 1311 1419 1368; baseline 0.001 -13.989"><span class='ocrx_word' id='word_1_150' title='bbox 19 1328 55 1355; x_wconf 85' lang='lat'>20</span> <span class='ocrx_word' id='word_1_151' title='bbox 72 1311 247 1353; x_wconf 87' lang='lat' dir='ltr'>feralem</span> <span class='ocrx_word' id='word_1_152' title='bbox 282 1311 496 1353; x_wconf 84' lang='lat' dir='ltr'>Fortunae</span> <span class='ocrx_word' id='word_1_153' title='bbox 532 1315 685 1355; x_wconf 88' lang='lat' dir='ltr'>nutum</span> <span class='ocrx_word' id='word_1_154' title='bbox 721 1312 853 1353; x_wconf 90' lang='lat' dir='ltr'>latere</span> <span class='ocrx_word' id='word_1_155' title='bbox 890 1327 975 1354; x_wconf 90' lang='lat' dir='ltr'>non</span> <span class='ocrx_word' id='word_1_156' title='bbox 1011 1316 1260 1368; x_wconf 86' lang='lat' dir='ltr'>potuerunt,</span> <span class='ocrx_word' id='word_1_157' title='bbox 1299 1314 1419 1355; x_wconf 91' lang='lat' dir='ltr'>cuius</span> 
     </span>
     <span class='ocr_line' id='line_1_22' title="bbox 75 1371 1422 1425; baseline 0.003 -14"><span class='ocrx_word' id='word_1_158' title='bbox 75 1371 281 1412; x_wconf 87' lang='lat' dir='ltr'>instinctu</span> <span class='ocrx_word' id='word_1_159' title='bbox 314 1371 486 1412; x_wconf 88' lang='lat' dir='ltr'>domurn</span> <span class='ocrx_word' id='word_1_160' title='bbox 519 1372 685 1412; x_wconf 87' lang='lat' dir='ltr'>iuuenis</span> <span class='ocrx_word' id='word_1_161' title='bbox 717 1372 912 1425; x_wconf 89' lang='lat' dir='ltr'>protinus</span> <span class='ocrx_word' id='word_1_162' title='bbox 945 1386 989 1412; x_wconf 91' lang='lat' dir='ltr'>se</span> <span class='ocrx_word' id='word_1_163' title='bbox 1021 1372 1177 1413; x_wconf 75' lang='lat' dir='ltr'>direxit</span> <span class='ocrx_word' id='word_1_164' title='bbox 1202 1388 1329 1414; x_wconf 86' lang='lat' dir='ltr'>saeua</span> <span class='ocrx_word' id='word_1_165' title='bbox 1351 1373 1422 1415; x_wconf 84' lang='lat' dir='ltr'>Ri-</span> 
     </span>
     <span class='ocr_line' id='line_1_23' title="bbox 74 1429 1424 1485; baseline 0.002 -15"><span class='ocrx_word' id='word_1_166' title='bbox 74 1429 240 1471; x_wconf 79' lang='lat' dir='ltr'>ualitas,</span> <span class='ocrx_word' id='word_1_167' title='bbox 302 1433 344 1471; x_wconf 93' lang='lat' dir='ltr'>et</span> <span class='ocrx_word' id='word_1_168' title='bbox 382 1430 479 1472; x_wconf 89' lang='lat' dir='ltr'>ilico</span> <span class='ocrx_word' id='word_1_169' title='bbox 522 1430 626 1471; x_wconf 88' lang='grc'><strong>11300</strong></span> <span class='ocrx_word' id='word_1_170' title='bbox 670 1431 814 1471; x_wconf 91' lang='lat' dir='ltr'>eadem</span> <span class='ocrx_word' id='word_1_171' title='bbox 858 1445 966 1471; x_wconf 82' lang='lat' dir='ltr'>uxor</span> <span class='ocrx_word' id='word_1_172' title='bbox 1010 1431 1118 1485; x_wconf 83' lang='grc'><strong>01118,</strong></span> <span class='ocrx_word' id='word_1_173' title='bbox 1163 1446 1269 1485; x_wconf 85' lang='lat' dir='ltr'>quae</span> <span class='ocrx_word' id='word_1_174' title='bbox 1310 1447 1424 1473; x_wconf 87' lang='lat' dir='ltr'>nunc</span> 
     </span>
     <span class='ocr_line' id='line_1_24' title="bbox 74 1489 1423 1545; baseline 0.003 -16"><span class='ocrx_word' id='word_1_175' title='bbox 74 1489 223 1530; x_wconf 90' lang='lat' dir='ltr'>bestiis</span> <span class='ocrx_word' id='word_1_176' title='bbox 248 1491 423 1543; x_wconf 88' lang='lat' dir='ltr'>propter</span> <span class='ocrx_word' id='word_1_177' title='bbox 447 1489 551 1530; x_wconf 90' lang='grc'><strong>11300</strong></span> <span class='ocrx_word' id='word_1_178' title='bbox 577 1489 670 1543; x_wconf 87' lang='lat' dir='ltr'>ipsa</span> <span class='ocrx_word' id='word_1_179' title='bbox 694 1489 833 1531; x_wconf 85' lang='lat' dir='ltr'>fuerat</span> <span class='ocrx_word' id='word_1_180' title='bbox 859 1490 1039 1543; x_wconf 87' lang='lat' dir='ltr'>addicta,</span> <span class='ocrx_word' id='word_1_181' title='bbox 1071 1491 1211 1544; x_wconf 90' lang='lat' dir='ltr'>coepit</span> <span class='ocrx_word' id='word_1_182' title='bbox 1236 1491 1423 1545; x_wconf 79' lang='lat' dir='ltr'>puellam</span> 
     </span>
     <span class='ocr_line' id='line_1_25' title="bbox 76 1547 1423 1604; baseline 0.002 -16"><span class='ocrx_word' id='word_1_183' title='bbox 76 1547 194 1589; x_wconf 89' lang='lat' dir='ltr'>uelut</span> <span class='ocrx_word' id='word_1_184' title='bbox 235 1548 443 1589; x_wconf 89' lang='lat' dir='ltr'>aemulam</span> <span class='ocrx_word' id='word_1_185' title='bbox 480 1548 564 1590; x_wconf 90' lang='lat' dir='ltr'>tori</span> <span class='ocrx_word' id='word_1_186' title='bbox 601 1563 745 1589; x_wconf 83' lang='grc'><strong>8110011-</strong></span> <span class='ocrx_word' id='word_1_187' title='bbox 778 1549 1031 1603; x_wconf 77' lang='lat' dir='ltr'>[p.197.E.]</span> <span class='ocrx_word' id='word_1_188' title='bbox 1064 1549 1245 1603; x_wconf 89' lang='lat' dir='ltr'>bamque</span> <span class='ocrx_word' id='word_1_189' title='bbox 1284 1551 1423 1604; x_wconf 89' lang='lat' dir='ltr'>primo</span> 
     </span>
     <span class='ocr_line' id='line_1_26' title="bbox 22 1607 1423 1663; baseline 0.002 -16"><span class='ocrx_word' id='word_1_190' title='bbox 22 1623 57 1651; x_wconf 76' lang='lat'>25</span> <span class='ocrx_word' id='word_1_191' title='bbox 77 1607 282 1660; x_wconf 88' lang='lat' dir='ltr'>suspicari</span> <span class='ocrx_word' id='word_1_192' title='bbox 315 1607 465 1649; x_wconf 89' lang='lat' dir='ltr'>dehinc</span> <span class='ocrx_word' id='word_1_193' title='bbox 503 1607 703 1648; x_wconf 89' lang='lat' dir='ltr'>detestari</span> <span class='ocrx_word' id='word_1_194' title='bbox 741 1607 891 1648; x_wconf 88' lang='lat' dir='ltr'>dehinc</span> <span class='ocrx_word' id='word_1_195' title='bbox 923 1608 1227 1650; x_wconf 91' lang='lat' dir='ltr'>crudelissimis</span> <span class='ocrx_word' id='word_1_196' title='bbox 1258 1609 1423 1663; x_wconf 86' lang='lat' dir='ltr'>laqueis</span> 
     </span>
     <span class='ocr_line' id='line_1_27' title="bbox 77 1665 1423 1720; baseline 0.002 -14"><span class='ocrx_word' id='word_1_197' title='bbox 77 1665 228 1707; x_wconf 88' lang='lat' dir='ltr'>mortis</span> <span class='ocrx_word' id='word_1_198' title='bbox 266 1666 469 1707; x_wconf 89' lang='lat' dir='ltr'>insidiari.</span> <span class='ocrx_word' id='word_1_199' title='bbox 531 1666 616 1708; x_wconf 89' lang='lat' dir='ltr'>tale</span> <span class='ocrx_word' id='word_1_200' title='bbox 655 1667 835 1720; x_wconf 87' lang='lat' dir='ltr'>denique</span> <span class='ocrx_word' id='word_1_201' title='bbox 874 1668 1210 1709; x_wconf 84' lang='lat' dir='ltr'>comminiscitur</span> <span class='ocrx_word' id='word_1_202' title='bbox 1247 1668 1423 1709; x_wconf 85' lang='lat' dir='ltr'>facinus.</span> 
     </span>
     <span class='ocr_line' id='line_1_28' title="bbox 166 1723 1425 1781; baseline 0.002 -16"><span class='ocrx_word' id='word_1_203' title='bbox 166 1723 308 1766; x_wconf 90' lang='lat' dir='ltr'>Anulo</span> <span class='ocrx_word' id='word_1_204' title='bbox 340 1725 483 1766; x_wconf 88' lang='lat' dir='ltr'>mariti</span> <span class='ocrx_word' id='word_1_205' title='bbox 515 1728 710 1779; x_wconf 91' lang='lat' dir='ltr'>surrepto</span> <span class='ocrx_word' id='word_1_206' title='bbox 736 1741 808 1767; x_wconf 90' lang='lat' dir='ltr'>rus</span> <span class='ocrx_word' id='word_1_207' title='bbox 834 1726 1027 1780; x_wconf 83' lang='lat' dir='ltr'>profecta</span> <span class='ocrx_word' id='word_1_208' title='bbox 1053 1727 1188 1768; x_wconf 89' lang='lat' dir='ltr'>mittit</span> <span class='ocrx_word' id='word_1_209' title='bbox 1215 1728 1425 1781; x_wconf 88' lang='lat' dir='ltr'>quendam</span> 
     </span>
     <span class='ocr_line' id='line_1_29' title="bbox 78 1783 1425 1840; baseline 0.002 -16"><span class='ocrx_word' id='word_1_210' title='bbox 78 1783 296 1825; x_wconf 89' lang='lat' dir='ltr'>seruulum</span> <span class='ocrx_word' id='word_1_211' title='bbox 327 1784 409 1824; x_wconf 90' lang='lat' dir='ltr'>sibi</span> <span class='ocrx_word' id='word_1_212' title='bbox 442 1784 611 1838; x_wconf 89' lang='lat' dir='ltr'>quidem</span> <span class='ocrx_word' id='word_1_213' title='bbox 642 1784 810 1826; x_wconf 88' lang='lat' dir='ltr'>fidelem</span> <span class='ocrx_word' id='word_1_214' title='bbox 843 1785 916 1826; x_wconf 91' lang='lat' dir='ltr'>sed</span> <span class='ocrx_word' id='word_1_215' title='bbox 942 1785 991 1827; x_wconf 90' lang='lat' dir='ltr'>de</span> <span class='ocrx_word' id='word_1_216' title='bbox 1018 1786 1111 1840; x_wconf 89' lang='lat' dir='ltr'>ipsa</span> <span class='ocrx_word' id='word_1_217' title='bbox 1135 1786 1217 1827; x_wconf 89' lang='lat' dir='ltr'>fide</span> <span class='ocrx_word' id='word_1_218' title='bbox 1243 1787 1425 1840; x_wconf 88' lang='lat' dir='ltr'>pessime</span> 
     </span>
     <span class='ocr_line' id='line_1_30' title="bbox 78 1843 1426 1898; baseline 0.003 -15"><span class='ocrx_word' id='word_1_219' title='bbox 78 1845 321 1897; x_wconf 88' lang='lat' dir='ltr'>merentem,</span> <span class='ocrx_word' id='word_1_220' title='bbox 366 1843 438 1897; x_wconf 88' lang='lat' dir='ltr'>qui</span> <span class='ocrx_word' id='word_1_221' title='bbox 480 1843 645 1897; x_wconf 88' lang='lat' dir='ltr'>puellae</span> <span class='ocrx_word' id='word_1_222' title='bbox 692 1844 925 1898; x_wconf 89' lang='lat' dir='ltr'>nuntiaret,</span> <span class='ocrx_word' id='word_1_223' title='bbox 970 1845 1083 1898; x_wconf 91' lang='lat' dir='ltr'>quod</span> <span class='ocrx_word' id='word_1_224' title='bbox 1127 1860 1218 1886; x_wconf 88' lang='lat' dir='ltr'>eam</span> <span class='ocrx_word' id='word_1_225' title='bbox 1258 1846 1426 1887; x_wconf 86' lang='lat' dir='ltr'>iuuenis</span> 
     </span>
    </p>
   </div>
   <div class='ocr_carea' id='block_1_3' title="bbox 80 1970 1428 2254">
    <p class='ocr_par' dir='ltr' id='par_1_4' title="bbox 80 1970 1428 2254">
     <span class='ocr_line' id='line_1_31' title="bbox 176 1970 1425 2017; baseline 0.004 -14"><span class='ocrx_word' id='word_1_226' title='bbox 176 1974 192 2003; x_wconf 92' lang='lat'>1</span> <span class='ocrx_word' id='word_1_227' title='bbox 219 1981 285 2015; x_wconf 88' lang='lat' dir='ltr'>per</span> <span class='ocrx_word' id='word_1_228' title='bbox 311 1970 521 2004; x_wconf 86' lang='lat' dir='ltr'>absentiam</span> <span class='ocrx_word' id='word_1_229' title='bbox 546 1971 717 2005; x_wconf 75' lang='lat' dir='ltr'>Beroald.</span> <span class='ocrx_word' id='word_1_230' title='bbox 753 1982 842 2015; x_wconf 88' lang='lat' dir='ltr'>prae</span> <span class='ocrx_word' id='word_1_231' title='bbox 869 1971 1101 2007; x_wconf 86' lang='lat' dir='ltr'>abstinentia</span> <span class='ocrx_word' id='word_1_232' title='bbox 1127 1974 1206 2008; x_wconf 76' lang='lat' dir='ltr'>cdd.</span> <span class='ocrx_word' id='word_1_233' title='bbox 1245 1984 1334 2017; x_wconf 87' lang='lat' dir='ltr'>prae</span> <span class='ocrx_word' id='word_1_234' title='bbox 1361 1974 1425 2008; x_wconf 86' lang='lat' dir='ltr'>ab·</span> 
     </span>
     <span class='ocr_line' id='line_1_32' title="bbox 83 2016 1424 2067; baseline 0.004 -17"><span class='ocrx_word' id='word_1_235' title='bbox 83 2016 204 2051; x_wconf 87' lang='lat' dir='ltr'>sentia</span> <span class='ocrx_word' id='word_1_236' title='bbox 229 2017 270 2052; x_wconf 85' lang='lat' dir='ltr'>E.</span> <span class='ocrx_word' id='word_1_237' title='bbox 360 2021 379 2051; x_wconf 75' lang='lat'><strong>2</strong></span> <span class='ocrx_word' id='word_1_238' title='bbox 408 2017 643 2064; x_wconf 77' lang='lat' dir='ltr'>(perimere)</span> <span class='ocrx_word' id='word_1_239' title='bbox 665 2019 803 2053; x_wconf 70' lang='lat' dir='ltr'>inserui</span> <span class='ocrx_word' id='word_1_240' title='bbox 829 2019 1016 2066; x_wconf 77' lang='lat' dir='ltr'>(necare)</span> <span class='ocrx_word' id='word_1_241' title='bbox 1036 2021 1094 2055; x_wconf 78' lang='lat' dir='ltr'>uel</span> <span class='ocrx_word' id='word_1_242' title='bbox 1115 2020 1297 2067; x_wconf 78' lang='lat' dir='ltr'>(necari)</span> <span class='ocrx_word' id='word_1_243' title='bbox 1320 2021 1424 2055; x_wconf 65' lang='lat' dir='ltr'><em>Hild.</em></span> 
     </span>
     <span class='ocr_line' id='line_1_33' title="bbox 80 2064 1426 2111; baseline 0.004 -14"><span class='ocrx_word' id='word_1_244' title='bbox 80 2067 101 2097; x_wconf 91' lang='lat'><strong>3</strong></span> <span class='ocrx_word' id='word_1_245' title='bbox 132 2064 314 2111; x_wconf 87' lang='lat' dir='ltr'>prodidit]</span> <span class='ocrx_word' id='word_1_246' title='bbox 345 2076 433 2099; x_wconf 64' lang='lat' dir='ltr'>snum</span> <span class='ocrx_word' id='word_1_247' title='bbox 464 2064 624 2099; x_wconf 85' lang='lat' dir='ltr'>tradidit</span> <span class='ocrx_word' id='word_1_248' title='bbox 655 2066 713 2100; x_wconf 76' lang='lat' dir='ltr'>uel</span> <span class='ocrx_word' id='word_1_249' title='bbox 744 2066 936 2100; x_wconf 74' lang='lat' dir='ltr'>credidit?</span> <span class='ocrx_word' id='word_1_250' title='bbox 1034 2071 1054 2100; x_wconf 82' lang='lat'><strong>9</strong></span> <span class='ocrx_word' id='word_1_251' title='bbox 1087 2067 1272 2102; x_wconf 86' lang='lat' dir='ltr'>iuuenalis</span> <span class='ocrx_word' id='word_1_252' title='bbox 1305 2068 1333 2101; x_wconf 87' lang='lat' dir='ltr'><strong>F</strong></span> <span class='ocrx_word' id='word_1_253' title='bbox 1367 2067 1426 2111; x_wconf 83' lang='lat' dir='ltr'>(lis</span> 
     </span>
     <span class='ocr_line' id='line_1_34' title="bbox 81 2111 1425 2159; baseline 0.004 -15"><span class='ocrx_word' id='word_1_254' title='bbox 81 2111 123 2144; x_wconf 72' lang='lat' dir='ltr'>in</span> <span class='ocrx_word' id='word_1_255' title='bbox 147 2122 217 2146; x_wconf 78' lang='lat' dir='ltr'>ras.</span> <span class='ocrx_word' id='word_1_256' title='bbox 243 2123 288 2146; x_wconf 82' lang='lat' dir='ltr'>m.</span> <span class='ocrx_word' id='word_1_257' title='bbox 314 2113 358 2156; x_wconf 75' lang='lat' dir='ltr'>r.)</span> <span class='ocrx_word' id='word_1_258' title='bbox 384 2111 550 2146; x_wconf 86' lang='lat' dir='ltr'>iuuenali</span> <span class='ocrx_word' id='word_1_259' title='bbox 577 2126 604 2156; x_wconf 85' lang='grc' dir='ltr'>φ</span> <span class='ocrx_word' id='word_1_260' title='bbox 704 2116 840 2148; x_wconf 83' lang='lat'>10—18</span> <span class='ocrx_word' id='word_1_261' title='bbox 866 2115 975 2148; x_wconf 71' lang='lat' dir='ltr'>huius</span> <span class='ocrx_word' id='word_1_262' title='bbox 995 2115 1140 2158; x_wconf 73' lang='lat' dir='ltr'>periodi</span> <span class='ocrx_word' id='word_1_263' title='bbox 1164 2116 1425 2159; x_wconf 59' lang='lat' dir='ltr'>interpunctio-</span> 
     </span>
     <span class='ocr_line' id='line_1_35' title="bbox 81 2159 1428 2208; baseline 0.002 -16"><span class='ocrx_word' id='word_1_264' title='bbox 81 2168 162 2192; x_wconf 75' lang='lat' dir='ltr'>‘nem</span> <span class='ocrx_word' id='word_1_265' title='bbox 193 2160 429 2194; x_wconf 73' lang='lat' dir='ltr'>emendarunt</span> <span class='ocrx_word' id='word_1_266' title='bbox 457 2159 547 2194; x_wconf 67' lang='grc' dir='ltr'><strong><em>ΟΜΖ.</em></strong></span> <span class='ocrx_word' id='word_1_267' title='bbox 569 2159 641 2194; x_wconf 70' lang='lat' dir='ltr'>Lu.</span> <span class='ocrx_word' id='word_1_268' title='bbox 668 2159 786 2195; x_wconf 71' lang='lat' dir='ltr'>Kron.</span> <span class='ocrx_word' id='word_1_269' title='bbox 891 2165 1005 2196; x_wconf 64' lang='lat'>1314</span> <span class='ocrx_word' id='word_1_270' title='bbox 1036 2162 1187 2196; x_wconf 86' lang='lat' dir='ltr'>traditis</span> <span class='ocrx_word' id='word_1_271' title='bbox 1218 2163 1308 2197; x_wconf 67' lang='lat' dir='ltr'>Ozcd.</span> <span class='ocrx_word' id='word_1_272' title='bbox 1353 2163 1428 2208; x_wconf 79' lang='lat' dir='ltr'>tra-</span> 
     </span>
     <span class='ocr_line' id='line_1_36' title="bbox 84 2203 1426 2254; baseline 0.004 -17"><span class='ocrx_word' id='word_1_273' title='bbox 84 2203 182 2238; x_wconf 87' lang='lat' dir='ltr'>didit</span> <span class='ocrx_word' id='word_1_274' title='bbox 212 2207 290 2240; x_wconf 81' lang='lat' dir='ltr'>cdd.</span> <span class='ocrx_word' id='word_1_275' title='bbox 400 2210 444 2240; x_wconf 77' lang='lat'>20</span> <span class='ocrx_word' id='word_1_276' title='bbox 478 2207 672 2241; x_wconf 86' lang='lat' dir='ltr'>Fortunae</span> <span class='ocrx_word' id='word_1_277' title='bbox 698 2211 730 2242; x_wconf 80' lang='lat' dir='ltr'>et</span> <span class='ocrx_word' id='word_1_278' title='bbox 755 2207 945 2242; x_wconf 86' lang='lat' dir='ltr'>Riualitas</span> <span class='ocrx_word' id='word_1_279' title='bbox 977 2210 1108 2254; x_wconf 67' lang='lat' dir='ltr'>scripsi</span> <span class='ocrx_word' id='word_1_280' title='bbox 1139 2211 1183 2253; x_wconf 79' lang='lat' dir='ltr'>cf.</span> <span class='ocrx_word' id='word_1_281' title='bbox 1212 2213 1290 2243; x_wconf 75' lang='lat'>102.</span> <span class='ocrx_word' id='word_1_282' title='bbox 1311 2212 1342 2243; x_wconf 83' lang='lat'>5.</span> <span class='ocrx_word' id='word_1_283' title='bbox 1366 2212 1426 2251; x_wconf 66' lang='lat'>193</span> 
     </span>
    </p>
   </div>
   <div class='ocr_carea' id='block_1_4' title="bbox 83 2264 1427 2369">
    <p class='ocr_par' dir='ltr' id='par_1_5' title="bbox 83 2264 1427 2369">
     <span class='ocr_line' id='line_1_37' title="bbox 86 2264 1427 2324; baseline 0.003 -15"><span class='ocrx_word' id='word_1_284' title='bbox 86 2278 234 2319; x_wconf 81' lang='lat'>118.19;</span> <span class='ocrx_word' id='word_1_285' title='bbox 255 2279 364 2311; x_wconf 63' lang='lat'>2027</span> <span class='ocrx_word' id='word_1_286' title='bbox 427 2281 469 2312; x_wconf 77' lang='lat'>27</span> <span class='ocrx_word' id='word_1_287' title='bbox 490 2277 658 2322; x_wconf 75' lang='lat' dir='ltr'>profecta</span> <span class='ocrx_word' id='word_1_288' title='bbox 673 2278 843 2314; x_wconf 68' lang='lat' dir='ltr'>Beroald.</span> <span class='ocrx_word' id='word_1_289' title='bbox 869 2279 1036 2324; x_wconf 73' lang='lat' dir='ltr'>profecto</span> <span class='ocrx_word' id='word_1_290' title='bbox 1058 2281 1135 2315; x_wconf 73' lang='lat' dir='ltr'>cdd.</span> <span class='ocrx_word' id='word_1_291' title='bbox 1201 2283 1244 2314; x_wconf 74' lang='lat'>28</span> <span class='ocrx_word' id='word_1_292' title='bbox 1266 2264 1338 2314; x_wconf 49' lang='lat' dir='ltr'>fid&amp;</span> <span class='ocrx_word' id='word_1_293' title='bbox 1364 2279 1427 2324; x_wconf 68' lang='grc' dir='ltr'>Ὲφ</span> 
     </span>
     <span class='ocr_line' id='line_1_38' title="bbox 83 2324 1422 2369; baseline 0.003 -13"><span class='ocrx_word' id='word_1_294' title='bbox 83 2325 128 2356; x_wconf 77' lang='lat'>29</span> <span class='ocrx_word' id='word_1_295' title='bbox 154 2325 357 2369; x_wconf 67' lang='lat' dir='ltr'>merentem</span> <span class='ocrx_word' id='word_1_296' title='bbox 382 2324 409 2357; x_wconf 80' lang='lat' dir='ltr'><strong>F</strong></span> <span class='ocrx_word' id='word_1_297' title='bbox 1419 2355 1422 2360; x_wconf 21' lang='grc' dir='ltr'><strong>Α</strong></span> 
     </span>
    </p>
   </div>
   <div class='ocr_carea' id='block_1_5' title="bbox 154 2386 1144 2419">
    <p class='ocr_par' dir='ltr' id='par_1_6' title="bbox 154 2386 1144 2419">
     <span class='ocr_line' id='line_1_39' title="bbox 154 2386 1144 2419; baseline 0.007 -7"><span class='ocrx_word' id='word_1_298' title='bbox 154 2386 282 2413; x_wconf 65' lang='lat' dir='ltr'>Apum</span> <span class='ocrx_word' id='word_1_299' title='bbox 301 2395 423 2415; x_wconf 61' lang='lat' dir='ltr'>maun.</span> <span class='ocrx_word' id='word_1_300' title='bbox 443 2390 487 2416; x_wconf 85' lang='lat' dir='ltr'>ed.</span> <span class='ocrx_word' id='word_1_301' title='bbox 509 2390 614 2417; x_wconf 80' lang='lat' dir='ltr'>Vliet</span> <span class='ocrx_word' id='word_1_302' title='bbox 1102 2389 1144 2419; x_wconf 83' lang='grc'>16</span> 
     </span>
    </p>
   </div>
   <div class='ocr_carea' id='block_1_6' title="bbox 0 278 26 2556">
    <p class='ocr_par' dir='ltr' id='par_1_7' title="bbox 0 278 26 2556">
     <span class='ocr_line' id='line_1_40' title="bbox 0 278 26 2556; baseline 0 0"><span class='ocrx_word' id='word_1_303' title='bbox 0 278 26 2556; x_wconf 95' lang='lat' dir='ltr'> </span> 
     </span>
    </p>
   </div>
  </div>
 </body>
</html>
