1591 2556
174 112 258 152 150
733 111 861 145 LIBRI
884 111 951 145 VII

265 207 333 250 Sic
372 224 419 250 eo
458 209 647 263 profecto
689 210 815 250 ceteri
854 210 1072 263 copiosum
1116 210 1331 253 instruunt
1372 212 1511 267 ignem
1551 242 1556 246 -

175 282 373 322 aramque
407 268 562 322 cespite
595 268 750 309 uirenti
782 268 910 309 Marti
943 269 1019 309 deo
1051 269 1223 311 faciunt.
1564 273 1567 282 '

260 326 331 367 XI.
384 326 472 368 Nec
510 326 645 368 multo
683 330 781 381 post
813 328 1043 368 adueniunt
1084 328 1147 369 illi
1179 329 1365 370 uinarios
1397 332 1513 371 utres

172 386 355 427 ferentes
389 389 430 426 et
468 386 677 440 gregatim
715 401 847 440 pecua
879 387 1194 428 comminantes.
1251 388 1360 429 unde
1398 403 1513 442 prae·

172 444 328 485 lectum
362 445 563 499 grandem
590 445 754 486 hircum
781 460 986 487 annosum
1013 448 1055 486 et
1079 445 1360 488 horricomem
1385 446 1513 489 Marti
1564 495 1567 498 Δ

175 502 367 544 Seeutori
395 502 633 558 Comitique
666 504 900 545 uictimant.
943 507 984 545 et
1010 504 1106 545 ilico
1133 505 1357 559 prandium
1388 506 1513 547 fabri-

173 565 293 603 catur
325 562 509 616 opipare.
551 565 653 604 tunc
678 562 831 617 hospes
858 563 929 604 ille
963 564 1062 604 tnon
1087 564 1229 605 modo'
1262 564 1401 619 inquit
1433 565 1515 606 ‘ex-
1570 607 1576 620 ,

172 621 438 675 peditionum
489 621 821 676 praedarumque
871 637 1019 663 uerum
1069 623 1196 663 etiam
1245 623 1514 678 uoluptatum
1567 601 1583 686 1

172 682 412 721 uestrarum
446 680 593 722 ducem
625 695 691 721 me
724 684 944 722 strenuum
977 682 1132 722 sentire
1165 682 1342 723 debetis'
1375 685 1416 724 et
1448 683 1514 724 ad·
1568 711 1569 714 =

173 752 344 793 gressus
377 739 534 794 insigni
566 739 782 793 facilitate,
814 741 981 781 nauiter
1007 743 1155 782 cuncta
1185 741 1514 795 praeministrat.
1535 759 1567 786 ιο

172 798 308 839 uerrit
340 798 492 839 sternit
518 799 674 853 coquit,
706 802 872 840 tucceta
898 800 1133 853 concinnat,
1166 800 1340 854 adponit
1365 800 1515 841 scitule
1574 807 1579 819 '¹

173 857 245 898 sed
289 857 513 911 praecipue
556 858 720 911 poculis
765 858 922 899 crebris
967 859 1281 913 grandibusque
1325 859 1540 914 singulos
1572 871 1582 913 ’χ

171 916 421 970 ingurgitat.
478 917 689 957 interdum
722 920 864 958 tamen
901 918 947 959 in
977 917 1245 959 simulatione
1283 918 1515 972 promendi,
1578 891 1585 958 1

173 989 279 1028 quae
307 975 509 1029 poscebat
535 990 649 1030 usus,
682 976 733 1016 ad
759 976 943 1030 puellam
971 976 1029 1030 [p.
1047 977 1141 1017 124
1156 976 1224 1031 E]
1252 977 1516 1018 commeabat
1578 976 1585 1045 2

172 1033 363 1087 adsidue,
401 1035 618 1088 partisque
657 1035 880 1089 subreptas
919 1035 1108 1076 clanculo
1142 1038 1183 1076 et
1220 1038 1515 1091 piaeo'ustatas
1535 1052 1584 1080 15

172 1107 196 1132 a
237 1108 280 1134 se
322 1093 518 1146 potiones
560 1094 762 1134 offerebat
802 1093 960 1134 hilaris.
1018 1097 1060 1135 at
1101 1094 1175 1134 illa
1215 1095 1408 1136 sumebat
1448 1095 1515 1136 ad-

172 1154 366 1205 petenter
411 1155 452 1192 et
495 1167 579 1193 non
623 1167 839 1207 nunquam
882 1153 1046 1194 basiare
1095 1153 1258 1194 uolenti
1306 1154 1515 1208 promptis

173 1210 348 1251 sauiolis
375 1211 682 1252 adlubescebat.
716 1226 821 1266 quae
848 1227 914 1253 res
941 1212 1096 1266 oppido
1122 1212 1227 1253 mihi
1254 1212 1514 1267 displicebat.

172 1268 285 1309 ‘hem
306 1269 439 1310 oblita
459 1285 502 1311 es
529 1271 775 1324 nuptiarum
801 1271 948 1325 tuique
974 1271 1113 1312 mutui
1133 1271 1350 1326 cupitoris,
1375 1271 1516 1326 puella

171 1327 328 1382 uirgo?
362 1331 403 1369 et
435 1329 497 1369 illi
523 1329 665 1370 nescio
692 1330 760 1370 cui
792 1330 957 1371 decenti
982 1330 1147 1384 marito,
1179 1345 1303 1385 quem
1335 1331 1415 1372 tibi
1446 1345 1514 1385 pa·
1533 1349 1566 1374 20

172 1390 313 1428 rentes
352 1388 600 1442 iunxer,unt
631 1388 743 1429 hunc
775 1389 980 1430 aduenam
1012 1391 1316 1444 cruentumque
1348 1404 1514 1444 percus-

173 1460 312 1486 solem
350 1447 606 1501 piaeponis‘?
646 1462 723 1488 nec
755 1450 795 1488 te
834 1449 1075 1501 conscienta
1111 1448 1304 1489 stimulat
1342 1448 1415 1490 sed
1447 1449 1513 1490 ad-

170 1505 353 1545 fectione
386 1505 544 1547 calcata
582 1507 692 1547 intei
722 1506 888 1547 lanceas
922 1510 963 1548 et
995 1497 1158 1561 gladios
1199 1507 1304 1548 istos
1337 1508 1514 1549 scortari

170 1564 251 1604 tibi
292 1564 425 1605 libet?
470 1565 579 1618 quod
611 1565 647 1606 si
680 1580 762 1620 quo
801 1566 926 1607 modo
966 1565 1151 1607 lationes
1183 1566 1311 1608 ceteri
1349 1581 1513 1620 persen-

172 1623 316 1677 serint,
347 1637 447 1664 num
478 1638 646 1665 rursum
678 1639 866 1666 recurres
894 1625 945 1665 ad
972 1625 1137 1666 asinum
1163 1627 1204 1666 et
1236 1640 1403 1666 rursum
1429 1626 1513 1667 exi-
1532 1641 1564 1668 25

171 1682 280 1722 tium
312 1682 417 1722 mihi
449 1683 647 1736 parabis?
689 1698 732 1724 re
764 1698 865 1725 uera
894 1683 1006 1725 ludis
1040 1684 1089 1725 de
1121 1684 1257 1725 alieno
1290 1684 1432 1726 corio.'

260 1739 353 1781 XII.
386 1740 501 1782 Dum
528 1742 609 1783 ista
635 1742 899 1796 sycophanta
918 1757 996 1798 ego
1023 1758 1188 1784 mecum
1214 1743 1399 1784 maxima
1418 1757 1514 1785 cum

172 1799 464 1854 indignatione
497 1801 685 1855 disputo,
718 1802 767 1842 de
798 1802 940 1843 uerbis
972 1816 1117 1844 eorum
1151 1802 1403 1856 quibusdam
1443 1802 1513 1843 du-

172 1858 254 1898 biis
299 1859 372 1900 sed
415 1874 499 1900 non
538 1860 728 1901 obscuris
772 1861 969 1914 prudenti
1014 1861 1131 1901 asino
1177 1875 1384 1916 cognosco
1428 1875 1512 1902 non

171 1917 309 1971 <csse>
340 1917 550 1959 Haemum
582 1919 704 1960 illum
736 1919 990 1973 praedonem
1021 1919 1230 1961 famosum
1262 1920 1336 1961 sed
1363 1919 1511 1974 Tlepo·
1531 1936 1563 1962 30

170 1975 330 2017 1011111111
370 1991 572 2031 sponsum
610 1978 774 2032 puellae
812 1979 956 2032 ipsius.
1012 1993 1109 2019 nam
1141 1978 1391 2033 procedente
1430 1993 1513 2019 ser-

269 2131 288 2161 5
315 2127 559 2162 horricomem
584 2129 663 2163 cdd
696 2128 929 2163 horricomen
954 2130 993 2163 E.
1093 2133 1123 2163 7.
1140 2132 1159 2163 8
1186 2129 1459 2174 expositionum
1484 2142 1511 2172 φ

174 2178 194 2208 9
227 2176 392 2208 strenum
424 2174 645 2218 F1q>11
678 2176 804 2210 tuceta
836 2176 903 2221 qu
1002 2180 1044 2210 13
1076 2175 1116 2210 111
1148 2175 1385 2211 simulatione
1420 2176 1510 2212 Oud.

172 2244 452 2279 insimulatione
478 2245 537 2279 Fe
568 2224 818 2281 insiiiiilzitione
845 2260 872 2291 φ
954 2251 996 2281 15
1023 2247 1212 2281 subrectas
1240 2259 1300 2291 ‹pg
1379 2250 1424 2281 20
1451 2247 1512 2282 de-

173 2292 272 2326 centi
300 2292 405 2327 Com.
445 2292 585 2326 iecenti
610 2294 688 2328 0ch
804 2298 848 2328 24
874 2294 974 2337 quod
1000 2295 1076 2329 Pet.
1115 2306 1141 2337 q
1165 2308 1192 2338 φ
1218 2296 1320 2338 (corr.
1347 2307 1391 2330 m.
1417 2306 1445 2330 r.
1471 2295 1513 2329 in

174 2339 277 2383 qnid)
311 2339 360 2384 qd
386 2339 413 2373 F
511 2343 553 2374 ..5
581 2352 669 2374 nuni
693 2342 823 2385 scripsi
850 2352 924 2375 non
949 2341 1027 2376 edd.
1126 2344 1170 2375 30
1197 2341 1333 2389 <esse>
1358 2342 1496 2376 inserui
