<?xml version="1.0" encoding="UTF-8"?>
<!DOCTYPE html PUBLIC "-//W3C//DTD XHTML 1.0 Transitional//EN"
    "http://www.w3.org/TR/xhtml1/DTD/xhtml1-transitional.dtd">
<html xmlns="http://www.w3.org/1999/xhtml" xml:lang="en" lang="en">
 <head>
  <title>
</title>
<meta http-equiv="Content-Type" content="text/html;charset=utf-8" />
  <meta name='ocr-system' content='tesseract 3.04.00' />
  <meta name='ocr-capabilities' content='ocr_page ocr_carea ocr_par ocr_line ocrx_word'/>
</head>
<body>
  <div class='ocr_page' id='page_1' title='image "./metamorphoseonli00apuluoft/metamorphoseonli00apuluoft_0116.png"; bbox 0 0 1591 2556; ppageno 0'>
   <div class='ocr_carea' id='block_1_1' title="bbox 193 90 968 132">
    <p class='ocr_par' dir='ltr' id='par_1_1' title="bbox 193 90 968 132">
     <span class='ocr_line' id='line_1_1' title="bbox 193 90 968 132; baseline -0.01 0"><span class='ocrx_word' id='word_1_1' title='bbox 193 92 248 132; x_wconf 77' lang='grc'>80</span> <span class='ocrx_word' id='word_1_2' title='bbox 744 90 872 125; x_wconf 88' lang='lat' dir='ltr'>LIBRI</span> <span class='ocrx_word' id='word_1_3' title='bbox 900 91 968 125; x_wconf 93' lang='grc' dir='ltr'>ΠΙΙ</span> 
     </span>
    </p>
   </div>
   <div class='ocr_carea' id='block_1_2' title="bbox 186 186 1591 1715">
    <p class='ocr_par' dir='ltr' id='par_1_2' title="bbox 186 186 1591 1715">
     <span class='ocr_line' id='line_1_2' title="bbox 192 186 1530 242; baseline 0.001 -14"><span class='ocrx_word' id='word_1_4' title='bbox 192 188 373 229; x_wconf 87' lang='lat' dir='ltr'>Thracio</span> <span class='ocrx_word' id='word_1_5' title='bbox 405 187 597 242; x_wconf 83' lang='lat' dir='ltr'>proditus</span> <span class='ocrx_word' id='word_1_6' title='bbox 631 188 695 228; x_wconf 90' lang='lat' dir='ltr'>ius</span> <span class='ocrx_word' id='word_1_7' title='bbox 728 187 936 228; x_wconf 70' lang='lat' dir='ltr'>amicitiae</span> <span class='ocrx_word' id='word_1_8' title='bbox 969 201 1182 228; x_wconf 88' lang='lat' dir='ltr'>summum</span> <span class='ocrx_word' id='word_1_9' title='bbox 1214 201 1309 227; x_wconf 90' lang='lat' dir='ltr'>cum</span> <span class='ocrx_word' id='word_1_10' title='bbox 1346 186 1420 228; x_wconf 94' lang='lat' dir='ltr'>illo</span> <span class='ocrx_word' id='word_1_11' title='bbox 1451 186 1530 229; x_wconf 89' lang='lat' dir='ltr'>De-</span> 
     </span>
     <span class='ocr_line' id='line_1_3' title="bbox 191 246 1530 301; baseline -0.001 -13"><span class='ocrx_word' id='word_1_12' title='bbox 191 246 387 288; x_wconf 88' lang='lat' dir='ltr'>mochare</span> <span class='ocrx_word' id='word_1_13' title='bbox 431 246 612 300; x_wconf 78' lang='lat' dir='ltr'>colebat,</span> <span class='ocrx_word' id='word_1_14' title='bbox 662 246 827 287; x_wconf 72' lang='lat' dir='ltr'>litteras</span> <span class='ocrx_word' id='word_1_15' title='bbox 872 246 1145 301; x_wconf 73' lang='lat' dir='ltr'>adfingimus,</span> <span class='ocrx_word' id='word_1_16' title='bbox 1195 247 1242 286; x_wconf 90' lang='lat' dir='ltr'>ut</span> <span class='ocrx_word' id='word_1_17' title='bbox 1291 246 1530 287; x_wconf 90' lang='lat' dir='ltr'>uenationis</span> 
     </span>
     <span class='ocr_line' id='line_1_4' title="bbox 191 304 1532 360; baseline -0.001 -13"><span class='ocrx_word' id='word_1_18' title='bbox 191 321 291 347; x_wconf 88' lang='lat' dir='ltr'>suae</span> <span class='ocrx_word' id='word_1_19' title='bbox 322 305 533 360; x_wconf 74' lang='lat' dir='ltr'>primitias</span> <span class='ocrx_word' id='word_1_20' title='bbox 560 306 697 346; x_wconf 87' lang='lat' dir='ltr'>bonus</span> <span class='ocrx_word' id='word_1_21' title='bbox 724 306 884 346; x_wconf 84' lang='lat' dir='ltr'>amicus</span> <span class='ocrx_word' id='word_1_22' title='bbox 911 305 1126 346; x_wconf 89' lang='lat' dir='ltr'>uideretur</span> <span class='ocrx_word' id='word_1_23' title='bbox 1152 304 1339 346; x_wconf 89' lang='lat' dir='ltr'>ornando</span> <span class='ocrx_word' id='word_1_24' title='bbox 1365 306 1532 346; x_wconf 74' lang='lat' dir='ltr'>muneri</span> 
     </span>
     <span class='ocr_line' id='line_1_5' title="bbox 193 363 1530 418; baseline -0.001 -12"><span class='ocrx_word' id='word_1_25' title='bbox 193 365 416 406; x_wconf 82' lang='lat' dir='ltr'>dedicasse.</span> <span class='ocrx_word' id='word_1_26' title='bbox 480 365 646 418; x_wconf 87' lang='lat' dir='ltr'>iamque</span> <span class='ocrx_word' id='word_1_27' title='bbox 693 366 895 418; x_wconf 89' lang='lat' dir='ltr'>prouecta</span> <span class='ocrx_word' id='word_1_28' title='bbox 938 378 1113 418; x_wconf 89' lang='lat' dir='ltr'>uespera</span> <span class='ocrx_word' id='word_1_29' title='bbox 1157 363 1279 404; x_wconf 87' lang='lat' dir='ltr'>abusi</span> <span class='ocrx_word' id='word_1_30' title='bbox 1321 363 1530 417; x_wconf 86' lang='lat' dir='ltr'>praesidio</span> 
     </span>
     <span class='ocr_line' id='line_1_6' title="bbox 190 422 1530 476; baseline -0.001 -11"><span class='ocrx_word' id='word_1_31' title='bbox 190 424 459 465; x_wconf 87' lang='lat' dir='ltr'>tenebrarum</span> <span class='ocrx_word' id='word_1_32' title='bbox 497 423 798 476; x_wconf 82' lang='lat' dir='ltr'>Thrasyleonis</span> <span class='ocrx_word' id='word_1_33' title='bbox 837 437 1008 463; x_wconf 88' lang='lat' dir='ltr'>caueam</span> <span class='ocrx_word' id='word_1_34' title='bbox 1039 422 1294 463; x_wconf 82' lang='lat' dir='ltr'>Demochari</span> <span class='ocrx_word' id='word_1_35' title='bbox 1332 437 1427 464; x_wconf 89' lang='lat' dir='ltr'>cum</span> <span class='ocrx_word' id='word_1_36' title='bbox 1463 422 1530 464; x_wconf 89' lang='lat' dir='ltr'>lit-</span> 
     </span>
     <span class='ocr_line' id='line_1_7' title="bbox 189 481 1531 536; baseline -0.001 -12"><span class='ocrx_word' id='word_1_37' title='bbox 189 483 292 524; x_wconf 88' lang='lat' dir='ltr'>teris</span> <span class='ocrx_word' id='word_1_38' title='bbox 332 482 418 523; x_wconf 90' lang='lat' dir='ltr'>illis</span> <span class='ocrx_word' id='word_1_39' title='bbox 462 481 710 523; x_wconf 85' lang='lat' dir='ltr'>adulterinis</span> <span class='ocrx_word' id='word_1_40' title='bbox 755 482 990 535; x_wconf 82' lang='lat' dir='ltr'>offerimus,</span> <span class='ocrx_word' id='word_1_41' title='bbox 1040 482 1113 536; x_wconf 95' lang='lat' dir='ltr'>qui</span> <span class='ocrx_word' id='word_1_42' title='bbox 1150 481 1328 522; x_wconf 78' lang='lat' dir='ltr'>miratus</span> <span class='ocrx_word' id='word_1_43' title='bbox 1370 482 1531 523; x_wconf 88' lang='lat' dir='ltr'>bestiae</span> 
     </span>
     <span class='ocr_line' id='line_1_8' title="bbox 189 539 1531 597; baseline -0.001 -15"><span class='ocrx_word' id='word_1_44' title='bbox 189 541 525 597; x_wconf 84' lang='lat' dir='ltr'>magnitudinem</span> <span class='ocrx_word' id='word_1_45' title='bbox 557 541 708 595; x_wconf 88' lang='lat' dir='ltr'>suique</span> <span class='ocrx_word' id='word_1_46' title='bbox 740 539 1054 582; x_wconf 86' lang='lat' dir='ltr'>contubernalis</span> <span class='ocrx_word' id='word_1_47' title='bbox 1087 543 1326 594; x_wconf 87' lang='lat' dir='ltr'>opportuna</span> <span class='ocrx_word' id='word_1_48' title='bbox 1350 540 1531 582; x_wconf 88' lang='lat' dir='ltr'>liberali-</span> 
     </span>
     <span class='ocr_line' id='line_1_9' title="bbox 190 599 1532 654; baseline -0.001 -13"><span class='ocrx_word' id='word_1_49' title='bbox 190 604 277 641; x_wconf 86' lang='lat' dir='ltr'>tate</span> <span class='ocrx_word' id='word_1_50' title='bbox 313 600 497 641; x_wconf 87' lang='lat' dir='ltr'>laetatus</span> <span class='ocrx_word' id='word_1_51' title='bbox 534 600 653 640; x_wconf 88' lang='lat' dir='ltr'>iubet</span> <span class='ocrx_word' id='word_1_52' title='bbox 680 600 874 653; x_wconf 70' lang='lat' dir='ltr'>protinus</span> <span class='ocrx_word' id='word_1_53' title='bbox 911 599 1026 641; x_wconf 74' lang='lat' dir='ltr'>nobis</span> <span class='ocrx_word' id='word_1_54' title='bbox 1067 599 1210 653; x_wconf 86' lang='lat' dir='ltr'>gaudii</span> <span class='ocrx_word' id='word_1_55' title='bbox 1242 599 1329 654; x_wconf 86' lang='lat' dir='ltr'>sui,</span> <span class='ocrx_word' id='word_1_56' title='bbox 1372 603 1418 641; x_wconf 78' lang='lat' dir='ltr'>ut</span> <span class='ocrx_word' id='word_1_57' title='bbox 1446 601 1532 653; x_wconf 72' lang='lat' dir='ltr'>ipse</span> 
     </span>
     <span class='ocr_line' id='line_1_10' title="bbox 191 658 1530 714; baseline -0.001 -13"><span class='ocrx_word' id='word_1_58' title='bbox 191 660 335 709; x_wconf 70' lang='lat' dir='ltr'>aiebat,</span> <span class='ocrx_word' id='word_1_59' title='bbox 369 659 526 714; x_wconf 87' lang='lat' dir='ltr'>gerulis</span> <span class='ocrx_word' id='word_1_60' title='bbox 559 659 702 700; x_wconf 90' lang='lat' dir='ltr'>decem</span> <span class='ocrx_word' id='word_1_61' title='bbox 735 673 883 700; x_wconf 88' lang='lat' dir='ltr'>aureos</span> <span class='ocrx_word' id='word_1_62' title='bbox 914 674 935 700; x_wconf 91' lang='lat' dir='ltr'>e</span> <span class='ocrx_word' id='word_1_63' title='bbox 962 658 1049 700; x_wconf 92' lang='lat' dir='ltr'>suis</span> <span class='ocrx_word' id='word_1_64' title='bbox 1075 658 1226 699; x_wconf 89' lang='lat' dir='ltr'>loculis</span> <span class='ocrx_word' id='word_1_65' title='bbox 1253 658 1530 700; x_wconf 90' lang='lat' dir='ltr'>adnumerari.</span> 
     </span>
     <span class='ocr_line' id='line_1_11' title="bbox 190 717 1565 771; baseline 0 -12"><span class='ocrx_word' id='word_1_66' title='bbox 190 722 291 759; x_wconf 90' lang='lat' dir='ltr'>tunc</span> <span class='ocrx_word' id='word_1_67' title='bbox 322 720 371 759; x_wconf 90' lang='lat' dir='ltr'>ut</span> <span class='ocrx_word' id='word_1_68' title='bbox 401 718 570 759; x_wconf 88' lang='lat' dir='ltr'>nouitas</span> <span class='ocrx_word' id='word_1_69' title='bbox 603 718 825 759; x_wconf 89' lang='lat' dir='ltr'>consueuit</span> <span class='ocrx_word' id='word_1_70' title='bbox 857 717 909 758; x_wconf 85' lang='lat' dir='ltr'>ad</span> <span class='ocrx_word' id='word_1_71' title='bbox 939 717 1181 771; x_wconf 89' lang='lat' dir='ltr'>repentinas</span> <span class='ocrx_word' id='word_1_72' title='bbox 1219 717 1406 759; x_wconf 92' lang='lat' dir='ltr'>uisiones</span> <span class='ocrx_word' id='word_1_73' title='bbox 1445 718 1530 759; x_wconf 90' lang='lat' dir='ltr'>ani-</span> <span class='ocrx_word' id='word_1_74' title='bbox 1551 737 1565 761; x_wconf 87' lang='lat'>1</span> 
     </span>
     <span class='ocr_line' id='line_1_12' title="bbox 188 776 1530 831; baseline -0.001 -13"><span class='ocrx_word' id='word_1_75' title='bbox 188 792 280 819; x_wconf 91' lang='lat' dir='ltr'>mos</span> <span class='ocrx_word' id='word_1_76' title='bbox 306 777 527 818; x_wconf 90' lang='lat' dir='ltr'>hominum</span> <span class='ocrx_word' id='word_1_77' title='bbox 553 777 721 831; x_wconf 75' lang='lat' dir='ltr'>pellere,</span> <span class='ocrx_word' id='word_1_78' title='bbox 747 777 873 817; x_wconf 90' lang='lat' dir='ltr'>multi</span> <span class='ocrx_word' id='word_1_79' title='bbox 892 791 1068 818; x_wconf 90' lang='lat' dir='ltr'>numero</span> <span class='ocrx_word' id='word_1_80' title='bbox 1088 776 1330 817; x_wconf 85' lang='lat' dir='ltr'>mirabundi</span> <span class='ocrx_word' id='word_1_81' title='bbox 1350 776 1530 818; x_wconf 89' lang='lat' dir='ltr'>bestiam</span> 
     </span>
     <span class='ocr_line' id='line_1_13' title="bbox 187 835 1530 890; baseline -0.001 -13"><span class='ocrx_word' id='word_1_82' title='bbox 187 836 474 890; x_wconf 73' lang='lat' dir='ltr'>confluebant,</span> <span class='ocrx_word' id='word_1_83' title='bbox 511 851 691 890; x_wconf 85' lang='lat' dir='ltr'>quorum</span> <span class='ocrx_word' id='word_1_84' title='bbox 733 836 836 878; x_wconf 90' lang='lat' dir='ltr'>satis</span> <span class='ocrx_word' id='word_1_85' title='bbox 875 835 1075 877; x_wconf 88' lang='lat' dir='ltr'>callenter</span> <span class='ocrx_word' id='word_1_86' title='bbox 1114 835 1303 877; x_wconf 87' lang='lat' dir='ltr'>curiosos</span> <span class='ocrx_word' id='word_1_87' title='bbox 1336 838 1530 890; x_wconf 87' lang='lat' dir='ltr'>aspectus</span> 
     </span>
     <span class='ocr_line' id='line_1_14' title="bbox 190 894 1528 949; baseline -0.001 -13"><span class='ocrx_word' id='word_1_88' title='bbox 190 895 452 949; x_wconf 85' lang='lat' dir='ltr'>Thrasyleon</span> <span class='ocrx_word' id='word_1_89' title='bbox 484 898 629 936; x_wconf 92' lang='lat' dir='ltr'>noster</span> <span class='ocrx_word' id='word_1_90' title='bbox 660 895 822 949; x_wconf 89' lang='lat' dir='ltr'>impetu</span> <span class='ocrx_word' id='word_1_91' title='bbox 848 895 1004 936; x_wconf 89' lang='lat' dir='ltr'>minaci</span> <span class='ocrx_word' id='word_1_92' title='bbox 1029 895 1273 948; x_wconf 89' lang='lat' dir='ltr'>frequenter</span> <span class='ocrx_word' id='word_1_93' title='bbox 1298 894 1528 936; x_wconf 89' lang='lat' dir='ltr'>inhibebat.</span> 
     </span>
     <span class='ocr_line' id='line_1_15' title="bbox 189 947 1584 1008; baseline -0.001 -12"><span class='ocrx_word' id='word_1_94' title='bbox 189 969 456 1008; x_wconf 85' lang='lat' dir='ltr'>consonaque</span> <span class='ocrx_word' id='word_1_95' title='bbox 494 954 652 996; x_wconf 89' lang='lat' dir='ltr'>ciuium</span> <span class='ocrx_word' id='word_1_96' title='bbox 690 969 792 995; x_wconf 88' lang='lat' dir='ltr'>uoce</span> <span class='ocrx_word' id='word_1_97' title='bbox 831 954 934 995; x_wconf 86' lang='lat' dir='ltr'>satis</span> <span class='ocrx_word' id='word_1_98' title='bbox 972 953 1076 995; x_wconf 81' lang='lat' dir='ltr'>felix</span> <span class='ocrx_word' id='word_1_99' title='bbox 1114 968 1161 994; x_wconf 89' lang='lat' dir='ltr'>ac</span> <span class='ocrx_word' id='word_1_100' title='bbox 1199 954 1347 995; x_wconf 91' lang='lat' dir='ltr'>beatus</span> <span class='ocrx_word' id='word_1_101' title='bbox 1378 953 1530 995; x_wconf 89' lang='lat' dir='ltr'>Demo·</span> <span class='ocrx_word' id='word_1_102' title='bbox 1581 947 1584 963; x_wconf 77' lang='lat'><em>‘</em></span> 
     </span>
     <span class='ocr_line' id='line_1_16' title="bbox 189 1012 1584 1067; baseline 0.001 -13"><span class='ocrx_word' id='word_1_103' title='bbox 189 1013 336 1055; x_wconf 90' lang='lat' dir='ltr'>chares</span> <span class='ocrx_word' id='word_1_104' title='bbox 367 1013 438 1054; x_wconf 92' lang='lat' dir='ltr'>ille</span> <span class='ocrx_word' id='word_1_105' title='bbox 471 1028 593 1067; x_wconf 87' lang='lat' dir='ltr'>saepe</span> <span class='ocrx_word' id='word_1_106' title='bbox 626 1013 874 1066; x_wconf 83' lang='lat' dir='ltr'>celebratur,</span> <span class='ocrx_word' id='word_1_107' title='bbox 907 1013 1020 1067; x_wconf 90' lang='lat' dir='ltr'>quod</span> <span class='ocrx_word' id='word_1_108' title='bbox 1050 1016 1148 1067; x_wconf 89' lang='lat' dir='ltr'>post</span> <span class='ocrx_word' id='word_1_109' title='bbox 1179 1015 1341 1053; x_wconf 87' lang='lat' dir='ltr'>tantam</span> <span class='ocrx_word' id='word_1_110' title='bbox 1371 1012 1530 1054; x_wconf 90' lang='lat' dir='ltr'>cladem</span> <span class='ocrx_word' id='word_1_111' title='bbox 1552 1017 1584 1060; x_wconf 72' lang='grc' dir='ltr'>ιε’</span> 
     </span>
     <span class='ocr_line' id='line_1_17' title="bbox 187 1072 1531 1126; baseline -0.001 -13"><span class='ocrx_word' id='word_1_112' title='bbox 187 1073 372 1113; x_wconf 90' lang='lat' dir='ltr'>ferarum</span> <span class='ocrx_word' id='word_1_113' title='bbox 404 1087 515 1113; x_wconf 92' lang='lat' dir='ltr'>nouo</span> <span class='ocrx_word' id='word_1_114' title='bbox 548 1075 758 1126; x_wconf 85' lang='lat' dir='ltr'>prouentu</span> <span class='ocrx_word' id='word_1_115' title='bbox 792 1086 962 1126; x_wconf 91' lang='lat' dir='ltr'>quoquo</span> <span class='ocrx_word' id='word_1_116' title='bbox 994 1072 1119 1113; x_wconf 89' lang='lat' dir='ltr'>modo</span> <span class='ocrx_word' id='word_1_117' title='bbox 1145 1072 1341 1113; x_wconf 86' lang='lat' dir='ltr'>fortunae</span> <span class='ocrx_word' id='word_1_118' title='bbox 1365 1072 1531 1113; x_wconf 88' lang='lat' dir='ltr'>resiste-</span> 
     </span>
     <span class='ocr_line' id='line_1_18' title="bbox 188 1131 1532 1184; baseline -0.001 -12"><span class='ocrx_word' id='word_1_119' title='bbox 188 1134 262 1172; x_wconf 90' lang='lat' dir='ltr'>ret.</span> <span class='ocrx_word' id='word_1_120' title='bbox 302 1131 420 1172; x_wconf 87' lang='lat' dir='ltr'>iubet</span> <span class='ocrx_word' id='word_1_121' title='bbox 445 1131 670 1172; x_wconf 90' lang='lat' dir='ltr'>noualibus</span> <span class='ocrx_word' id='word_1_122' title='bbox 697 1131 784 1172; x_wconf 88' lang='lat' dir='ltr'>suis</span> <span class='ocrx_word' id='word_1_123' title='bbox 811 1131 1034 1172; x_wconf 86' lang='lat' dir='ltr'>confestim</span> <span class='ocrx_word' id='word_1_124' title='bbox 1060 1131 1242 1172; x_wconf 90' lang='lat' dir='ltr'>bestiam</span> <span class='ocrx_word' id='word_1_125' title='bbox 1273 1131 1532 1184; x_wconf 66' lang='lat' dir='ltr'>immitterent,</span> 
     </span>
     <span class='ocr_line' id='line_1_19' title="bbox 189 1189 1531 1245; baseline -0.001 -14"><span class='ocrx_word' id='word_1_126' title='bbox 189 1191 306 1231; x_wconf 88' lang='lat' dir='ltr'>iubet</span> <span class='ocrx_word' id='word_1_127' title='bbox 326 1205 492 1232; x_wconf 88' lang='lat' dir='ltr'>summa</span> <span class='ocrx_word' id='word_1_128' title='bbox 511 1205 606 1231; x_wconf 90' lang='lat' dir='ltr'>cum</span> <span class='ocrx_word' id='word_1_129' title='bbox 628 1190 848 1245; x_wconf 83' lang='lat' dir='ltr'>diligentia</span> <span class='ocrx_word' id='word_1_130' title='bbox 867 1189 1092 1244; x_wconf 77' lang='lat' dir='ltr'>deportari,</span> <span class='ocrx_word' id='word_1_131' title='bbox 1113 1189 1186 1231; x_wconf 89' lang='lat' dir='ltr'>sed</span> <span class='ocrx_word' id='word_1_132' title='bbox 1199 1189 1433 1243; x_wconf 88' lang='lat' dir='ltr'>suscipiens</span> <span class='ocrx_word' id='word_1_133' title='bbox 1453 1203 1531 1245; x_wconf 90' lang='lat' dir='ltr'>ego</span> 
     </span>
     <span class='ocr_line' id='line_1_20' title="bbox 274 1248 1532 1303; baseline -0.001 -13"><span class='ocrx_word' id='word_1_134' title='bbox 274 1248 410 1290; x_wconf 86' lang='lat' dir='ltr'>XVII.</span> <span class='ocrx_word' id='word_1_135' title='bbox 445 1248 636 1290; x_wconf 70' lang='lat' dir='ltr'>‘Caueas’</span> <span class='ocrx_word' id='word_1_136' title='bbox 668 1250 841 1303; x_wconf 90' lang='lat' dir='ltr'>inquam</span> <span class='ocrx_word' id='word_1_137' title='bbox 874 1249 1076 1302; x_wconf 71' lang='lat' dir='ltr'>‘domine‚</span> <span class='ocrx_word' id='word_1_138' title='bbox 1108 1248 1333 1303; x_wconf 88' lang='lat' dir='ltr'>flagrantia</span> <span class='ocrx_word' id='word_1_139' title='bbox 1361 1248 1464 1290; x_wconf 86' lang='lat' dir='ltr'>solis</span> <span class='ocrx_word' id='word_1_140' title='bbox 1490 1252 1532 1289; x_wconf 93' lang='lat' dir='ltr'>et</span> 
     </span>
     <span class='ocr_line' id='line_1_21' title="bbox 188 1307 1588 1363; baseline 0.002 -14"><span class='ocrx_word' id='word_1_141' title='bbox 188 1308 352 1350; x_wconf 88' lang='lat' dir='ltr'>itineris</span> <span class='ocrx_word' id='word_1_142' title='bbox 385 1308 522 1362; x_wconf 88' lang='lat' dir='ltr'>spatio</span> <span class='ocrx_word' id='word_1_143' title='bbox 555 1308 779 1363; x_wconf 81' lang='lat' dir='ltr'>fatigatam</span> <span class='ocrx_word' id='word_1_144' title='bbox 812 1308 951 1349; x_wconf 92' lang='lat' dir='ltr'>coetui</span> <span class='ocrx_word' id='word_1_145' title='bbox 982 1308 1213 1349; x_wconf 88' lang='lat' dir='ltr'>multarum</span> <span class='ocrx_word' id='word_1_146' title='bbox 1252 1310 1294 1349; x_wconf 92' lang='lat' dir='ltr'>et</span> <span class='ocrx_word' id='word_1_147' title='bbox 1325 1310 1373 1349; x_wconf 90' lang='lat' dir='ltr'>ut</span> <span class='ocrx_word' id='word_1_148' title='bbox 1405 1307 1529 1349; x_wconf 88' lang='lat' dir='ltr'>audio</span> <span class='ocrx_word' id='word_1_149' title='bbox 1550 1325 1588 1352; x_wconf 71' lang='lat'>2⁰</span> 
     </span>
     <span class='ocr_line' id='line_1_22' title="bbox 187 1366 1530 1421; baseline -0.001 -13"><span class='ocrx_word' id='word_1_150' title='bbox 187 1382 272 1408; x_wconf 90' lang='lat' dir='ltr'>non</span> <span class='ocrx_word' id='word_1_151' title='bbox 304 1370 416 1408; x_wconf 87' lang='lat' dir='ltr'>recte</span> <span class='ocrx_word' id='word_1_152' title='bbox 448 1367 683 1408; x_wconf 89' lang='lat' dir='ltr'>ualentium</span> <span class='ocrx_word' id='word_1_153' title='bbox 716 1368 980 1408; x_wconf 88' lang='lat' dir='ltr'>committere</span> <span class='ocrx_word' id='word_1_154' title='bbox 1011 1367 1206 1408; x_wconf 90' lang='lat' dir='ltr'>ferarum.</span> <span class='ocrx_word' id='word_1_155' title='bbox 1259 1366 1362 1421; x_wconf 92' lang='lat' dir='ltr'>quin</span> <span class='ocrx_word' id='word_1_156' title='bbox 1386 1367 1530 1421; x_wconf 88' lang='lat' dir='ltr'>potius</span> 
     </span>
     <span class='ocr_line' id='line_1_23' title="bbox 188 1425 1588 1480; baseline -0.001 -13"><span class='ocrx_word' id='word_1_157' title='bbox 188 1426 339 1467; x_wconf 89' lang='lat' dir='ltr'>domus</span> <span class='ocrx_word' id='word_1_158' title='bbox 378 1430 475 1467; x_wconf 89' lang='lat' dir='ltr'>tuae</span> <span class='ocrx_word' id='word_1_159' title='bbox 513 1426 706 1480; x_wconf 89' lang='lat' dir='ltr'>patulum</span> <span class='ocrx_word' id='word_1_160' title='bbox 748 1441 796 1467; x_wconf 90' lang='lat' dir='ltr'>ac</span> <span class='ocrx_word' id='word_1_161' title='bbox 827 1426 1088 1480; x_wconf 88' lang='lat' dir='ltr'>perflabilem</span> <span class='ocrx_word' id='word_1_162' title='bbox 1126 1426 1284 1479; x_wconf 75' lang='lat' dir='ltr'>locum,</span> <span class='ocrx_word' id='word_1_163' title='bbox 1327 1425 1456 1467; x_wconf 90' lang='lat' dir='ltr'>immo</span> <span class='ocrx_word' id='word_1_164' title='bbox 1489 1428 1530 1466; x_wconf 94' lang='lat' dir='ltr'>et</span> <span class='ocrx_word' id='word_1_165' title='bbox 1587 1435 1588 1438; x_wconf 77' lang='grc'>’</span> 
     </span>
     <span class='ocr_line' id='line_1_24' title="bbox 186 1484 1581 1539; baseline -0.001 -13"><span class='ocrx_word' id='word_1_166' title='bbox 186 1485 281 1526; x_wconf 89' lang='lat' dir='ltr'>lacu</span> <span class='ocrx_word' id='word_1_167' title='bbox 323 1485 466 1539; x_wconf 88' lang='lat' dir='ltr'>aliquo</span> <span class='ocrx_word' id='word_1_168' title='bbox 505 1486 814 1526; x_wconf 90' lang='lat' dir='ltr'>conterminum</span> <span class='ocrx_word' id='word_1_169' title='bbox 856 1485 1261 1539; x_wconf 82' lang='lat' dir='ltr'>refrigerantemque</span> <span class='ocrx_word' id='word_1_170' title='bbox 1292 1484 1530 1538; x_wconf 79' lang='lat' dir='ltr'>prospicis?</span> <span class='ocrx_word' id='word_1_171' title='bbox 1579 1492 1581 1513; x_wconf 62' lang='lat'>¹</span> 
     </span>
     <span class='ocr_line' id='line_1_25' title="bbox 188 1543 1529 1599; baseline -0.001 -14"><span class='ocrx_word' id='word_1_172' title='bbox 188 1559 240 1585; x_wconf 89' lang='lat' dir='ltr'>an</span> <span class='ocrx_word' id='word_1_173' title='bbox 272 1545 442 1599; x_wconf 89' lang='lat' dir='ltr'>ignoras</span> <span class='ocrx_word' id='word_1_174' title='bbox 474 1544 555 1585; x_wconf 90' lang='lat' dir='ltr'>hoc</span> <span class='ocrx_word' id='word_1_175' title='bbox 586 1559 718 1599; x_wconf 90' lang='lat' dir='ltr'>genus</span> <span class='ocrx_word' id='word_1_176' title='bbox 746 1544 905 1585; x_wconf 89' lang='lat' dir='ltr'>bestiae</span> <span class='ocrx_word' id='word_1_177' title='bbox 936 1544 1054 1584; x_wconf 88' lang='lat' dir='ltr'>lucos</span> <span class='ocrx_word' id='word_1_178' title='bbox 1087 1543 1273 1584; x_wconf 88' lang='lat' dir='ltr'>consitos</span> <span class='ocrx_word' id='word_1_179' title='bbox 1306 1547 1348 1585; x_wconf 90' lang='lat' dir='ltr'>et</span> <span class='ocrx_word' id='word_1_180' title='bbox 1379 1558 1529 1598; x_wconf 90' lang='lat' dir='ltr'>specus</span> 
     </span>
     <span class='ocr_line' id='line_1_26' title="bbox 186 1599 1591 1656; baseline 0.001 -12"><span class='ocrx_word' id='word_1_181' title='bbox 186 1603 350 1644; x_wconf 86' lang='lat' dir='ltr'>roridos</span> <span class='ocrx_word' id='word_1_182' title='bbox 383 1606 425 1644; x_wconf 89' lang='lat' dir='ltr'>et</span> <span class='ocrx_word' id='word_1_183' title='bbox 456 1603 595 1644; x_wconf 86' lang='lat' dir='ltr'>fontes</span> <span class='ocrx_word' id='word_1_184' title='bbox 628 1618 826 1644; x_wconf 87' lang='lat' dir='ltr'>amoenos</span> <span class='ocrx_word' id='word_1_185' title='bbox 859 1617 1024 1656; x_wconf 89' lang='lat' dir='ltr'>semper</span> <span class='ocrx_word' id='word_1_186' title='bbox 1056 1602 1301 1644; x_wconf 80' lang='lat' dir='ltr'>incubare?’</span> <span class='ocrx_word' id='word_1_187' title='bbox 1548 1599 1591 1646; x_wconf 59' lang='lat'>257</span> 
     </span>
     <span class='ocr_line' id='line_1_27' title="bbox 275 1661 1528 1715; baseline -0.001 -12"><span class='ocrx_word' id='word_1_188' title='bbox 275 1661 449 1703; x_wconf 87' lang='lat' dir='ltr'>Talibus</span> <span class='ocrx_word' id='word_1_189' title='bbox 470 1662 645 1703; x_wconf 89' lang='lat' dir='ltr'>monitis</span> <span class='ocrx_word' id='word_1_190' title='bbox 659 1662 943 1703; x_wconf 87' lang='lat' dir='ltr'>Demochares</span> <span class='ocrx_word' id='word_1_191' title='bbox 957 1662 1207 1715; x_wconf 86' lang='lat' dir='ltr'>perterritus</span> <span class='ocrx_word' id='word_1_192' title='bbox 1222 1676 1528 1715; x_wconf 91' lang='lat' dir='ltr'>numerumque</span> 
     </span>
    </p>
   </div>
   <div class='ocr_carea' id='block_1_3' title="bbox 186 1819 1591 2011">
    <p class='ocr_par' dir='ltr' id='par_1_3' title="bbox 186 1819 1591 2011">
     <span class='ocr_line' id='line_1_28' title="bbox 282 1819 1591 1870; baseline -0.002 -11"><span class='ocrx_word' id='word_1_193' title='bbox 282 1830 301 1859; x_wconf 60' lang='lat'>*2</span> <span class='ocrx_word' id='word_1_194' title='bbox 334 1825 556 1870; x_wconf 83' lang='lat' dir='ltr'>adfingimus</span> <span class='ocrx_word' id='word_1_195' title='bbox 589 1827 678 1860; x_wconf 65' lang='grc' dir='ltr'><em>ΟΜΖ.</em></span> <span class='ocrx_word' id='word_1_196' title='bbox 725 1825 920 1870; x_wconf 82' lang='lat' dir='ltr'>adfigimus</span> <span class='ocrx_word' id='word_1_197' title='bbox 950 1825 977 1858; x_wconf 87' lang='lat' dir='ltr'><strong>F</strong></span> <span class='ocrx_word' id='word_1_198' title='bbox 1021 1824 1206 1869; x_wconf 82' lang='lat' dir='ltr'>affigimus</span> <span class='ocrx_word' id='word_1_199' title='bbox 1241 1826 1299 1868; x_wconf 83' lang='grc' dir='ltr'>φδ</span> <span class='ocrx_word' id='word_1_200' title='bbox 1396 1828 1416 1857; x_wconf 86' lang='grc'><strong>3</strong></span> <span class='ocrx_word' id='word_1_201' title='bbox 1449 1835 1528 1857; x_wconf 89' lang='lat' dir='ltr'>mu-</span> <span class='ocrx_word' id='word_1_202' title='bbox 1589 1819 1591 1825; x_wconf 55' lang='lat'><strong><em>⁴</em></strong></span> 
     </span>
     <span class='ocr_line' id='line_1_29' title="bbox 186 1870 1590 1916; baseline -0.001 -10"><span class='ocrx_word' id='word_1_203' title='bbox 186 1872 284 1907; x_wconf 87' lang='lat' dir='ltr'>neris</span> <span class='ocrx_word' id='word_1_204' title='bbox 310 1873 338 1906; x_wconf 89' lang='lat' dir='ltr'><strong>F</strong></span> <span class='ocrx_word' id='word_1_205' title='bbox 372 1883 524 1907; x_wconf 89' lang='lat' dir='ltr'>munere</span> <span class='ocrx_word' id='word_1_206' title='bbox 551 1881 581 1915; x_wconf 85' lang='grc' dir='ltr'><strong>φ</strong></span> <span class='ocrx_word' id='word_1_207' title='bbox 656 1877 676 1907; x_wconf 89' lang='grc'><strong>6</strong></span> <span class='ocrx_word' id='word_1_208' title='bbox 707 1872 905 1907; x_wconf 88' lang='lat' dir='ltr'>deferimus</span> <span class='ocrx_word' id='word_1_209' title='bbox 932 1874 954 1907; x_wconf 82' lang='grc' dir='ltr'><em>ὃ</em></span> <span class='ocrx_word' id='word_1_210' title='bbox 1026 1876 1046 1906; x_wconf 87' lang='grc'>8</span> <span class='ocrx_word' id='word_1_211' title='bbox 1073 1872 1242 1916; x_wconf 87' lang='lat' dir='ltr'>protinus</span> <span class='ocrx_word' id='word_1_212' title='bbox 1268 1870 1374 1905; x_wconf 88' lang='lat' dir='ltr'>nobis</span> <span class='ocrx_word' id='word_1_213' title='bbox 1399 1871 1529 1915; x_wconf 73' lang='lat' dir='ltr'>scripsi</span> <span class='ocrx_word' id='word_1_214' title='bbox 1587 1870 1590 1875; x_wconf 81' lang='grc'><strong>’</strong></span> 
     </span>
     <span class='ocr_line' id='line_1_30' title="bbox 188 1917 1591 1964; baseline -0.002 -10"><span class='ocrx_word' id='word_1_215' title='bbox 188 1920 295 1954; x_wconf 87' lang='lat' dir='ltr'>nobis</span> <span class='ocrx_word' id='word_1_216' title='bbox 321 1920 489 1964; x_wconf 89' lang='lat' dir='ltr'>protinus</span> <span class='ocrx_word' id='word_1_217' title='bbox 515 1922 594 1955; x_wconf 80' lang='lat' dir='ltr'>cdd.</span> <span class='ocrx_word' id='word_1_218' title='bbox 675 1923 706 1955; x_wconf 80' lang='lat'>8.</span> <span class='ocrx_word' id='word_1_219' title='bbox 723 1924 742 1954; x_wconf 87' lang='grc'><strong>9</strong></span> <span class='ocrx_word' id='word_1_220' title='bbox 769 1922 811 1954; x_wconf 87' lang='lat' dir='ltr'>ut</span> <span class='ocrx_word' id='word_1_221' title='bbox 835 1919 915 1964; x_wconf 85' lang='lat' dir='ltr'>ipse</span> <span class='ocrx_word' id='word_1_222' title='bbox 942 1919 1067 1954; x_wconf 87' lang='lat' dir='ltr'>aiebat</span> <span class='ocrx_word' id='word_1_223' title='bbox 1093 1919 1192 1953; x_wconf 73' lang='lat' dir='ltr'>Colu.</span> <span class='ocrx_word' id='word_1_224' title='bbox 1226 1929 1356 1952; x_wconf 89' lang='lat' dir='ltr'>aureos</span> <span class='ocrx_word' id='word_1_225' title='bbox 1382 1919 1424 1952; x_wconf 92' lang='lat' dir='ltr'>ut</span> <span class='ocrx_word' id='word_1_226' title='bbox 1448 1917 1527 1963; x_wconf 88' lang='lat' dir='ltr'>ipse</span> <span class='ocrx_word' id='word_1_227' title='bbox 1588 1929 1591 1932; x_wconf 65' lang='grc'><strong><em>’</em></strong></span> 
     </span>
     <span class='ocr_line' id='line_1_31' title="bbox 188 1966 1591 2011; baseline -0.001 -10"><span class='ocrx_word' id='word_1_228' title='bbox 188 1967 354 2001; x_wconf 88' lang='lat' dir='ltr'>habebat</span> <span class='ocrx_word' id='word_1_229' title='bbox 379 1967 445 2009; x_wconf 70' lang='lat' dir='ltr'>Ftp</span> <span class='ocrx_word' id='word_1_230' title='bbox 481 1968 533 2011; x_wconf 70' lang='lat' dir='ltr'>(in</span> <span class='ocrx_word' id='word_1_231' title='bbox 559 1967 586 2000; x_wconf 88' lang='lat' dir='ltr'>F</span> <span class='ocrx_word' id='word_1_232' title='bbox 612 1969 722 2002; x_wconf 73' lang='lat' dir='ltr'>uerba</span> <span class='ocrx_word' id='word_1_233' title='bbox 747 1979 781 2002; x_wconf 83' lang='lat' dir='ltr'>u,</span> <span class='ocrx_word' id='word_1_234' title='bbox 808 1967 831 2002; x_wconf 88' lang='lat' dir='ltr'>i.</span> <span class='ocrx_word' id='word_1_235' title='bbox 858 1967 892 2001; x_wconf 90' lang='lat' dir='ltr'>h.</span> <span class='ocrx_word' id='word_1_236' title='bbox 923 1968 1071 2001; x_wconf 73' lang='lat' dir='ltr'>inducta</span> <span class='ocrx_word' id='word_1_237' title='bbox 1094 1968 1192 2009; x_wconf 71' lang='lat' dir='ltr'>sunt)</span> <span class='ocrx_word' id='word_1_238' title='bbox 1218 1966 1427 2009; x_wconf 67' lang='lat' dir='ltr'>transposui</span> <span class='ocrx_word' id='word_1_239' title='bbox 1446 1970 1529 2009; x_wconf 78' lang='lat' dir='ltr'>post</span> <span class='ocrx_word' id='word_1_240' title='bbox 1588 1974 1591 2009; x_wconf 74' lang='grc' dir='ltr'><strong><em>ζ</em></strong></span> 
     </span>
    </p>
   </div>
   <div class='ocr_carea' id='block_1_4' title="bbox 184 2016 1591 2364">
    <p class='ocr_par' dir='ltr' id='par_1_4' title="bbox 184 2016 1529 2223">
     <span class='ocr_line' id='line_1_32' title="bbox 1042 2016 1052 2031; baseline 0 -13"><span class='ocrx_word' id='word_1_241' title='bbox 1042 2016 1052 2031; x_wconf 55' lang='grc'>,</span> 
     </span>
     <span class='ocr_line' id='line_1_33' title="bbox 188 2031 1527 2082; baseline 0 -12"><span class='ocrx_word' id='word_1_242' title='bbox 188 2037 245 2070; x_wconf 88' lang='lat' dir='ltr'>sui</span> <span class='ocrx_word' id='word_1_243' title='bbox 271 2038 314 2080; x_wconf 79' lang='lat' dir='ltr'>cf.</span> <span class='ocrx_word' id='word_1_244' title='bbox 342 2037 461 2081; x_wconf 75' lang='lat' dir='ltr'>Luetj.</span> <span class='ocrx_word' id='word_1_245' title='bbox 484 2049 521 2082; x_wconf 79' lang='lat' dir='ltr'>p.</span> <span class='ocrx_word' id='word_1_246' title='bbox 544 2041 612 2071; x_wconf 74' lang='lat'>464</span> <span class='ocrx_word' id='word_1_247' title='bbox 639 2038 736 2072; x_wconf 72' lang='lat' dir='ltr'>Adn.</span> <span class='ocrx_word' id='word_1_248' title='bbox 782 2039 823 2071; x_wconf 89' lang='lat' dir='ltr'>ut</span> <span class='ocrx_word' id='word_1_249' title='bbox 848 2036 927 2082; x_wconf 85' lang='lat' dir='ltr'>ipse</span> <span class='ocrx_word' id='word_1_250' title='bbox 957 2031 1052 2072; x_wconf 68' lang='lat' dir='ltr'>hebt&#39;</span> <span class='ocrx_word' id='word_1_251' title='bbox 1074 2038 1096 2071; x_wconf 83' lang='grc' dir='ltr'><em>ὃ</em></span> <span class='ocrx_word' id='word_1_252' title='bbox 1127 2047 1191 2071; x_wconf 80' lang='lat' dir='ltr'>om.</span> <span class='ocrx_word' id='word_1_253' title='bbox 1218 2036 1258 2070; x_wconf 91' lang='lat' dir='ltr'>E.</span> <span class='ocrx_word' id='word_1_254' title='bbox 1359 2039 1401 2070; x_wconf 82' lang='lat'>15</span> <span class='ocrx_word' id='word_1_255' title='bbox 1433 2035 1527 2070; x_wconf 88' lang='lat' dir='ltr'>cele-</span> 
     </span>
     <span class='ocr_line' id='line_1_34' title="bbox 188 2082 1528 2128; baseline -0.001 -10"><span class='ocrx_word' id='word_1_256' title='bbox 188 2084 317 2118; x_wconf 86' lang='lat' dir='ltr'>bratur</span> <span class='ocrx_word' id='word_1_257' title='bbox 353 2086 483 2128; x_wconf 70' lang='lat' dir='ltr'>scripsi</span> <span class='ocrx_word' id='word_1_258' title='bbox 520 2086 564 2127; x_wconf 81' lang='lat' dir='ltr'>ef.</span> <span class='ocrx_word' id='word_1_259' title='bbox 600 2088 677 2118; x_wconf 82' lang='lat'>189.</span> <span class='ocrx_word' id='word_1_260' title='bbox 700 2088 719 2118; x_wconf 87' lang='grc'>9</span> <span class='ocrx_word' id='word_1_261' title='bbox 764 2084 972 2119; x_wconf 87' lang='lat' dir='ltr'>celebratus</span> <span class='ocrx_word' id='word_1_262' title='bbox 1008 2085 1085 2119; x_wconf 78' lang='lat' dir='ltr'>cdd.</span> <span class='ocrx_word' id='word_1_263' title='bbox 1216 2087 1258 2117; x_wconf 85' lang='grc'>17</span> <span class='ocrx_word' id='word_1_264' title='bbox 1295 2082 1528 2117; x_wconf 86' lang='lat' dir='ltr'>inmitterent</span> 
     </span>
     <span class='ocr_line' id='line_1_35' title="bbox 185 2129 1527 2177; baseline -0.001 -12"><span class='ocrx_word' id='word_1_265' title='bbox 185 2132 315 2175; x_wconf 74' lang='lat' dir='ltr'>scripsi</span> <span class='ocrx_word' id='word_1_266' title='bbox 352 2133 396 2174; x_wconf 83' lang='lat' dir='ltr'>cf.</span> <span class='ocrx_word' id='word_1_267' title='bbox 419 2136 473 2166; x_wconf 88' lang='lat'>66.</span> <span class='ocrx_word' id='word_1_268' title='bbox 489 2136 508 2165; x_wconf 79' lang='lat'>5</span> <span class='ocrx_word' id='word_1_269' title='bbox 536 2131 613 2166; x_wconf 78' lang='lat' dir='ltr'>ire*</span> <span class='ocrx_word' id='word_1_270' title='bbox 632 2131 660 2164; x_wconf 85' lang='lat' dir='ltr'>F</span> <span class='ocrx_word' id='word_1_271' title='bbox 686 2131 757 2166; x_wconf 80' lang='lat' dir='ltr'>iret</span> <span class='ocrx_word' id='word_1_272' title='bbox 778 2131 825 2175; x_wconf 66' lang='lat'>11³³</span> <span class='ocrx_word' id='word_1_273' title='bbox 843 2137 875 2166; x_wconf 81' lang='lat' dir='ltr'>et</span> <span class='ocrx_word' id='word_1_274' title='bbox 894 2144 960 2177; x_wconf 67' lang='lat' dir='ltr'>my.</span> <span class='ocrx_word' id='word_1_275' title='bbox 977 2145 1020 2175; x_wconf 83' lang='grc' dir='ltr'>φ;</span> <span class='ocrx_word' id='word_1_276' title='bbox 1048 2130 1119 2165; x_wconf 84' lang='lat' dir='ltr'>ar&amp;</span> <span class='ocrx_word' id='word_1_277' title='bbox 1146 2130 1194 2173; x_wconf 76' lang='grc' dir='ltr'>ςρι</span> <span class='ocrx_word' id='word_1_278' title='bbox 1269 2134 1312 2164; x_wconf 88' lang='lat'>18</span> <span class='ocrx_word' id='word_1_279' title='bbox 1340 2129 1527 2174; x_wconf 86' lang='lat' dir='ltr'>deportari</span> 
     </span>
     <span class='ocr_line' id='line_1_36' title="bbox 184 2178 1529 2223; baseline -0.001 -10"><span class='ocrx_word' id='word_1_280' title='bbox 184 2179 314 2223; x_wconf 68' lang='lat' dir='ltr'>scripsi</span> <span class='ocrx_word' id='word_1_281' title='bbox 333 2178 378 2213; x_wconf 83' lang='lat' dir='ltr'>R.</span> <span class='ocrx_word' id='word_1_282' title='bbox 395 2179 428 2213; x_wconf 85' lang='lat' dir='ltr'>(Z.</span> <span class='ocrx_word' id='word_1_283' title='bbox 444 2179 510 2213; x_wconf 43' lang='lat' dir='ltr'>Ph..</span> <span class='ocrx_word' id='word_1_284' title='bbox 528 2182 627 2212; x_wconf 81' lang='lat'>1885.</span> <span class='ocrx_word' id='word_1_285' title='bbox 658 2182 723 2212; x_wconf 89' lang='lat'>100</span> <span class='ocrx_word' id='word_1_286' title='bbox 750 2180 793 2221; x_wconf 83' lang='lat' dir='ltr'>cf.</span> <span class='ocrx_word' id='word_1_287' title='bbox 811 2183 864 2214; x_wconf 82' lang='lat'>83.</span> <span class='ocrx_word' id='word_1_288' title='bbox 883 2183 899 2212; x_wconf 91' lang='lat'>1</span> <span class='ocrx_word' id='word_1_289' title='bbox 922 2184 953 2214; x_wconf 81' lang='lat' dir='ltr'>et</span> <span class='ocrx_word' id='word_1_290' title='bbox 979 2183 1034 2213; x_wconf 83' lang='grc'>83,</span> <span class='ocrx_word' id='word_1_291' title='bbox 1051 2182 1110 2221; x_wconf 85' lang='grc'>19;</span> <span class='ocrx_word' id='word_1_292' title='bbox 1137 2179 1179 2212; x_wconf 81' lang='lat' dir='ltr'>cle</span> <span class='ocrx_word' id='word_1_293' title='bbox 1198 2178 1410 2221; x_wconf 74' lang='lat' dir='ltr'>confusione</span> <span class='ocrx_word' id='word_1_294' title='bbox 1435 2178 1529 2212; x_wconf 72' lang='lat' dir='ltr'>inter</span> 
     </span>
    </p>

    <p class='ocr_par' dir='ltr' id='par_1_5' title="bbox 186 2223 1591 2364">
     <span class='ocr_line' id='line_1_37' title="bbox 186 2223 1527 2270; baseline -0.001 -10"><span class='ocrx_word' id='word_1_295' title='bbox 186 2238 203 2259; x_wconf 88' lang='lat' dir='ltr'>r</span> <span class='ocrx_word' id='word_1_296' title='bbox 222 2231 254 2260; x_wconf 78' lang='lat' dir='ltr'>et</span> <span class='ocrx_word' id='word_1_297' title='bbox 274 2226 298 2259; x_wconf 83' lang='lat' dir='ltr'>d</span> <span class='ocrx_word' id='word_1_298' title='bbox 323 2227 437 2269; x_wconf 71' lang='lat' dir='ltr'>cs164.</span> <span class='ocrx_word' id='word_1_299' title='bbox 455 2230 491 2268; x_wconf 82' lang='lat'>93</span> <span class='ocrx_word' id='word_1_300' title='bbox 525 2229 578 2259; x_wconf 81' lang='lat'>78.</span> <span class='ocrx_word' id='word_1_301' title='bbox 595 2229 638 2258; x_wconf 71' lang='lat'>22</span> <span class='ocrx_word' id='word_1_302' title='bbox 665 2225 848 2270; x_wconf 87' lang='lat' dir='ltr'>reportari</span> <span class='ocrx_word' id='word_1_303' title='bbox 874 2226 938 2270; x_wconf 77' lang='grc' dir='ltr'>Ρφ</span> <span class='ocrx_word' id='word_1_304' title='bbox 988 2225 1092 2260; x_wconf 91' lang='lat' dir='ltr'>iubet</span> <span class='ocrx_word' id='word_1_305' title='bbox 1116 2224 1315 2259; x_wconf 84' lang='lat' dir='ltr'>noualibus</span> <span class='ocrx_word' id='word_1_306' title='bbox 1341 2223 1416 2258; x_wconf 85' lang='lat' dir='ltr'>suis</span> <span class='ocrx_word' id='word_1_307' title='bbox 1442 2235 1527 2258; x_wconf 85' lang='lat' dir='ltr'>con-</span> 
     </span>
     <span class='ocr_line' id='line_1_38' title="bbox 187 2270 1591 2317; baseline -0.001 -11"><span class='ocrx_word' id='word_1_308' title='bbox 187 2272 312 2307; x_wconf 88' lang='lat' dir='ltr'>festim</span> <span class='ocrx_word' id='word_1_309' title='bbox 331 2272 492 2306; x_wconf 86' lang='lat' dir='ltr'>bestiam</span> <span class='ocrx_word' id='word_1_310' title='bbox 512 2284 654 2306; x_wconf 86' lang='lat' dir='ltr'>summa</span> <span class='ocrx_word' id='word_1_311' title='bbox 674 2284 757 2306; x_wconf 86' lang='lat' dir='ltr'>cum</span> <span class='ocrx_word' id='word_1_312' title='bbox 777 2273 975 2317; x_wconf 85' lang='lat' dir='ltr'>diligentia</span> <span class='ocrx_word' id='word_1_313' title='bbox 1000 2271 1182 2317; x_wconf 84' lang='lat' dir='ltr'>reportari</span> <span class='ocrx_word' id='word_1_314' title='bbox 1202 2271 1323 2315; x_wconf 61' lang='lat' dir='ltr'>Luetj.</span> <span class='ocrx_word' id='word_1_315' title='bbox 1394 2275 1435 2305; x_wconf 87' lang='lat'>19</span> <span class='ocrx_word' id='word_1_316' title='bbox 1461 2270 1526 2305; x_wconf 89' lang='lat' dir='ltr'>fla·</span> <span class='ocrx_word' id='word_1_317' title='bbox 1584 2282 1591 2288; x_wconf 69' lang='grc'>·’</span> 
     </span>
     <span class='ocr_line' id='line_1_39' title="bbox 187 2318 1372 2364; baseline -0.001 -11"><span class='ocrx_word' id='word_1_318' title='bbox 187 2319 336 2363; x_wconf 79' lang='lat' dir='ltr'>grantia</span> <span class='ocrx_word' id='word_1_319' title='bbox 362 2328 392 2362; x_wconf 81' lang='grc' dir='ltr'><em>φ</em></span> <span class='ocrx_word' id='word_1_320' title='bbox 418 2321 491 2363; x_wconf 77' lang='lat' dir='ltr'>(sed</span> <span class='ocrx_word' id='word_1_321' title='bbox 516 2319 526 2352; x_wconf 91' lang='lat' dir='ltr'>l</span> <span class='ocrx_word' id='word_1_322' title='bbox 549 2331 591 2354; x_wconf 69' lang='lat' dir='ltr'>ea:</span> <span class='ocrx_word' id='word_1_323' title='bbox 611 2332 628 2352; x_wconf 89' lang='lat' dir='ltr'>r</span> <span class='ocrx_word' id='word_1_324' title='bbox 653 2322 756 2364; x_wconf 71' lang='lat' dir='ltr'>corr.)</span> <span class='ocrx_word' id='word_1_325' title='bbox 782 2319 986 2364; x_wconf 82' lang='lat' dir='ltr'>fraglantia</span> <span class='ocrx_word' id='word_1_326' title='bbox 1011 2319 1038 2353; x_wconf 81' lang='lat' dir='ltr'><strong>F</strong></span> <span class='ocrx_word' id='word_1_327' title='bbox 1136 2318 1224 2353; x_wconf 87' lang='lat' dir='ltr'>solis</span> <span class='ocrx_word' id='word_1_328' title='bbox 1251 2330 1315 2354; x_wconf 83' lang='lat' dir='ltr'>om.</span> <span class='ocrx_word' id='word_1_329' title='bbox 1343 2326 1372 2360; x_wconf 86' lang='grc' dir='ltr'><em>φ</em></span> 
     </span>
    </p>
   </div>
  </div>
 </body>
</html>
