1591 2556
155 103 240 144 262
724 103 853 138 LIBRI
879 103 928 137 XI

146 201 305 254 rantur,
337 199 525 255 religiosi
558 203 813 242 uenerantur
838 202 926 240 tam
953 199 1191 240 euidentein
1217 200 1393 241 maximi
1418 214 1495 242 nu-

145 258 272 299 minis
310 259 544 312 potentiam
584 262 625 300 et
667 258 929 301 consimilem
971 259 1190 300 nocturnis
1231 259 1492 314 imaginibus

144 317 504 372 magnificentiam
549 320 590 359 et
629 318 878 359 facilitatem
919 317 1251 372 reformationis,
1295 317 1492 372 claraque

145 379 187 417 et
225 391 409 418 consona
452 391 567 431 uoce,
611 377 724 418 caelo
768 392 918 418 manus
963 376 1237 418 adtendentes
1280 379 1492 418 testantur

145 438 233 476 tam
271 436 449 477 inlustre
489 436 589 477 deae
626 436 888 478 beneficium.
951 434 1089 476 XIIII.
1122 438 1166 477 at
1202 449 1280 491 ego
1320 438 1492 490 stupore
1532 453 1547 480 5

146 495 279 536 nimio
307 495 471 536 defixus
497 495 652 536 tacitus
678 495 915 548 haerebam,
947 495 1088 535 animo
1115 509 1208 536 meo
1234 497 1323 535 tam
1349 510 1492 549 repen-

144 554 283 595 tinum
321 556 494 608 tamque
532 568 734 609 magnum
772 569 857 595 non
896 554 1086 608 capiente
1128 554 1347 609 gaudium,
1392 554 1495 608 quid

144 613 417 666 potissimum
448 613 663 667 praefarer
693 613 955 668 primarium,
986 613 1096 654 unde
1121 627 1256 654 nouae
1282 613 1400 654 uocis
1427 627 1494 654 ex-

140 672 312 713 ordium
346 687 556 727 caperem,
596 687 678 727 quo
718 687 908 714 sermone
940 687 1052 713 nunc
1086 674 1275 714 renatam
1303 671 1495 727 linguam

142 730 313 772 felicius
359 732 616 786 auspicarer,
667 732 820 786 quibus
869 732 1122 786 quantisque
1165 731 1307 772 uerbis
1351 732 1494 772 tantae
1513 748 1547 773 10

143 790 244 831 deae
286 790 445 845 gratias
484 805 662 845 agerem.
731 791 803 832 sed
842 790 1034 831 sacerdos
1072 793 1302 844 utcumque
1342 790 1487 830 diuino

141 849 308 890 monitu
335 849 517 904 cognitis
544 850 595 891 ab
623 850 785 905 origine
811 850 973 891 cunctis
1000 849 1189 890 cladibus
1215 849 1333 903 meis,
1360 863 1487 903 quan-

143 923 270 962 quam
303 911 346 950 et
376 909 467 963 ipse
499 909 657 964 insigni
687 911 904 962 permotus
937 908 1152 962 miraculo,
1190 911 1297 949 nutu
1328 907 1488 963 signifi-

142 969 236 1008 cato
262 968 380 1022 prius
406 968 613 1022 praecipit
638 968 818 1022 tegendo
844 967 951 1008 mihi
974 967 1149 1008 linteam
1170 967 1260 1008 dari
1278 966 1487 1008 laciniam.

142 1041 240 1067 nam
274 1026 379 1081 [me]
413 1041 507 1067 cum
544 1027 729 1080 primum
763 1027 926 1067 nefasto
959 1027 1144 1080 tegmine
1177 1026 1487 1080 despoliauerat
1507 1043 1541 1069 15

141 1086 300 1139 asinus,
332 1086 585 1140 compressis
618 1086 661 1126 in
694 1087 833 1126 artum
865 1085 1093 1126 feminibus
1120 1087 1162 1126 et
1194 1085 1484 1139 superstrictis

143 1147 336 1186 accurate
380 1145 595 1198 manibus,
641 1147 846 1199 quantum
888 1144 999 1185 nudo
1037 1144 1203 1198 licebat,
1246 1143 1486 1185 uelamento

139 1219 208 1244 me
245 1203 429 1245 naturali
467 1204 599 1258 probe
636 1204 914 1245 muniueram.
982 1205 1083 1244 tunc
1124 1218 1145 1244 e
1183 1202 1356 1244 cohorte
1393 1202 1487 1244 reli-

144 1263 285 1317 gionis
317 1277 427 1304 unus
460 1263 626 1318 inpigre
659 1263 919 1317 superiorem
953 1265 1105 1303 exutus
1130 1262 1318 1303 tunicam
1345 1276 1487 1315 super-

138 1322 248 1363 texit
279 1337 346 1363 me
379 1322 606 1364 celerrime.
671 1337 753 1376 quo
791 1322 904 1363 facto
944 1321 1137 1362 sacerdos
1168 1320 1293 1362 uultu
1331 1320 1487 1376 geniali
1505 1339 1540 1364 20
1588 1322 1589 1333 ¹

140 1383 182 1422 et
213 1381 405 1423 hercules
439 1381 671 1423 inhumano
699 1381 741 1421 in
774 1384 991 1435 aspectum
1023 1395 1163 1421 meum
1191 1380 1399 1421 attonitus
1426 1380 1486 1421 sic

138 1441 292 1481 effatur

227 1499 320 1540 XV.
357 1498 521 1541 eMultis
554 1502 596 1541 et
627 1499 757 1540 uariis
791 1499 1020 1540 exanclatis
1052 1498 1269 1539 laboribus
1302 1497 1485 1552 magnis-

140 1573 221 1612 que
248 1558 460 1599 Fortunae
494 1558 818 1613 tempestatibus
845 1560 887 1599 et
912 1557 1109 1598 maximis
1142 1559 1260 1598 actus
1286 1556 1485 1611 procellis

140 1617 192 1658 ad
224 1621 395 1671 portum
423 1617 578 1672 quietis
605 1620 647 1659 et
673 1632 787 1658 aram
813 1616 1129 1658 Misericordiae
1155 1616 1338 1670 tandem,
1367 1615 1486 1669 Luci,
1504 1633 1537 1659 25

139 1677 297 1718 uenisti
322 1692 397 1718 nec
425 1677 504 1717 tibi
531 1677 692 1717 natales
720 1691 766 1718 ac
793 1691 843 1718 ne
871 1676 1057 1731 dignitas
1084 1675 1267 1730 quidem,
1298 1674 1368 1715 uel
1393 1675 1485 1728 ipsa

140 1751 224 1790 qua
254 1737 379 1777 fiores
412 1750 591 1790 usquam
624 1736 816 1776 doctrina
847 1735 1021 1789 profuit,
1053 1734 1127 1776 sed
1157 1734 1321 1775 lubrico
1346 1733 1483 1774 uiren-

138 1795 196 1836 tis
229 1795 438 1836 aetatulae
476 1795 528 1835 ad
566 1794 742 1836 seruiles
780 1794 976 1849 delapsus
1014 1793 1274 1847 uoluptates,
1313 1792 1484 1834 curiosi-

139 1854 241 1895 tatis
274 1854 545 1908 inprosperae
584 1855 805 1895 sinistrum
837 1853 1073 1908 praemium
1110 1851 1349 1906 reportasti.
1411 1851 1485 1892 sed

138 1916 370 1967 utcumque
396 1912 610 1955 Fortunae
648 1913 838 1966 caecitas,
871 1913 970 1954 dum
996 1914 1038 1953 te
1063 1911 1260 1966 pessimis
1285 1909 1484 1965 periculis
1504 1927 1539 1953 30

237 2079 257 2110 9
283 2078 453 2111 renatam
478 2076 647 2121 linguam
671 2077 800 2120 scripsi
842 2076 973 2110 renata
999 2074 1130 2120 lingua
1161 2075 1238 2110 cdd.
1265 2073 1311 2116 cf.
1341 2076 1418 2108 139.
1439 2076 1485 2107 24

142 2151 186 2181 12
212 2132 388 2192 cgladibus
409 2161 437 2191 φ
508 2150 561 2181 13.
579 2150 622 2181 14
641 2148 753 2180 nutus
775 2145 987 2191 significatu
1008 2146 1134 2180 Rohde
1177 2156 1183 2162 ·
1204 2148 1247 2178 14
1272 2128 1402 2179 licinia}
1419 2143 1484 2188 qu

143 2222 187 2252 15
214 2218 304 2264 [me]
330 2219 459 2254 seclusi
557 2221 599 2252 16
626 2202 706 2251 asts}
732 2217 795 2262 qu
895 2221 936 2251 21
965 2216 1167 2250 inhumano
1193 2228 1221 2259 φ
1254 2214 1484 2268 perhumano

141 2289 201 2371 Fi
226 2290 279 2371 (εἷς,
304 2289 343 2370 F&
363 2302 388 2336 p
414 2290 455 2325 in
478 2290 565 2334 ras.)
592 2289 637 2332 cf.
664 2291 719 2323 83.
741 2291 760 2321 7
859 2291 914 2323 ⁴27.
931 2291 974 2322 28
1005 2285 1161 2321 uirentis
1192 2285 1219 2319 F
1258 2270 1423 2321 figientis
1455 2298 1484 2330 φ

139 2348 179 2370 m
200 2347 245 2370 en
265 2348 295 2370 is
