1591 2556
167 118 223 159 64
736 118 863 153 LIBRI
887 118 938 153 111

167 215 341 256 abiectis
373 229 550 269 propere
582 214 747 256 laciniis
779 215 896 269 totis,
928 215 1049 256 auide
1076 229 1225 256 manus
1252 215 1441 257 immersi
1467 219 1508 257 et

167 274 337 315 haurito
362 273 557 328 plusculo
583 277 732 315 cuncta
757 274 945 328 corporis
971 274 1055 315 mei
1080 274 1271 315 membra
1295 274 1507 329 perfricui.

168 333 335 387 iamque
368 332 541 387 alternis
574 333 796 374 conatibus
826 333 995 374 libratis
1026 333 1212 374 brachiis
1238 333 1281 374 in
1308 347 1430 375 auem
1455 334 1508 375 si-

166 391 310 433 milem
343 392 596 447 gestiebam:
629 406 705 433 nec
735 391 847 433 ullae
871 391 1086 445 plumulae
1112 406 1188 433 nec
1213 407 1392 446 usquam
1418 393 1508 447 pin-

166 451 290 492 nulae
328 450 401 492 sed
431 450 555 504 plane
588 450 665 504 pili
696 450 780 491 mei
812 453 1054 491 crassantur
1085 451 1129 491 in
1162 454 1298 492 saetas
1331 454 1369 492 et
1398 451 1507 493 cutis
1527 468 1543 494 5

167 510 321 552 tenella
354 510 530 550 duratur
561 509 605 550 in
637 509 798 550 corium
837 511 879 550 et
911 509 954 550 in
986 509 1156 551 extimis
1187 509 1386 564 palmulis
1417 525 1508 565 per-

167 569 255 610 dito
287 581 462 609 numero
495 568 576 609 toti
608 567 733 623 digiti
770 570 982 623 coguntur
1019 568 1062 609 in
1101 568 1289 624 singulas
1327 566 1508 624 ungulas

167 631 209 669 et
250 628 300 668 de
345 627 490 681 spinae
534 641 651 668 meae
694 627 876 668 termino
921 627 1093 682 grandis
1134 627 1265 668 cauda
1307 628 1508 682 procedit.

167 687 250 727 iam
283 686 411 727 facies
444 686 627 727 enormis
660 689 701 727 et
733 701 780 727 os
811 685 1027 740 prolixum
1059 688 1101 727 et
1125 701 1248 727 nares
1273 685 1440 728 hiantes
1467 690 1509 728 et

166 745 303 787 labiae
347 744 564 799 pendulae.
634 745 694 786 sic
738 748 781 786 et
820 760 942 786 aures
985 745 1210 786 inmodicis
1253 745 1509 800 horripilant
1529 763 1563 788 ιο

167 805 371 846 auctibus.
422 819 496 845 nec
529 803 664 845 ullum
695 804 874 845 miserae
905 804 1219 845 reformationis
1250 804 1373 846 uideo
1404 804 1509 846 sola-

168 864 279 905 cium
317 863 400 904 nisi
439 863 551 917 quod
589 863 695 904 mihi
733 863 817 904 iam
861 863 1093 917 nequeunti
1136 866 1279 905 tenere
1315 863 1509 905 Fotidem

167 925 319 963 natura
350 922 574 964 crescebat.
625 921 758 963 XXV.
791 936 839 963 ac
871 922 971 963 dum
1003 922 1154 963 salutis
1185 922 1330 976 inopia
1360 925 1511 964 cuncta

168 982 356 1036 corporis
382 982 466 1022 mei
493 981 720 1035 considero,
745 996 830 1022 non
851 996 972 1022 auem
993 996 1060 1022 me
1081 981 1153 1022 sed
1183 981 1347 1022 asinum
1374 982 1508 1023 uideo.

168 1041 367 1095 [querens
394 1041 443 1081 de
469 1040 581 1082 facto
601 1040 786 1094 Fotidis]
814 1040 887 1081 sed
911 1040 995 1080 iam
1021 1040 1206 1081 humano
1233 1043 1356 1095 gestu
1383 1040 1581 1082 81111111ιὸ

168 1103 210 1140 et
229 1114 332 1141 uoce
351 1099 557 1154 priuatus,
584 1100 697 1153 quod
719 1099 857 1140 solum
883 1102 1086 1153 poteram,
1111 1102 1326 1153 postrema
1351 1099 1511 1141 deiecta

166 1158 280 1200 labia
311 1158 466 1199 umidis
494 1161 636 1199 tamen
674 1158 806 1199 oculis
844 1158 1029 1199 oblicum
1060 1158 1290 1212 respiciens
1317 1158 1369 1199 ad
1393 1158 1510 1199 illam

167 1218 322 1259 tacitus
368 1216 702 1271 expostulabam.
773 1231 879 1271 quae
923 1216 997 1258 ubi
1039 1217 1225 1270 primum
1273 1231 1340 1258 me
1383 1217 1511 1259 talem

169 1277 350 1331 aspexit,
400 1277 609 1330 percussit
658 1276 809 1317 faciem
856 1290 975 1317 suam
1019 1276 1216 1317 manibus
1260 1276 1426 1317 infestis
1471 1279 1512 1317 et

168 1336 322 1377 ‘occisa
353 1350 447 1376 sum
478 1335 649 1376 misera'
682 1335 891 1377 clamauit.
943 1335 1024 1376 eme
1050 1335 1278 1389 trepidatio
1311 1335 1439 1376 simul
1470 1338 1512 1377 et
1531 1351 1565 1378 20

168 1395 387 1436 festinatio
419 1394 572 1436 fefellit
610 1398 652 1435 et
683 1395 888 1448 pyxidum
927 1393 1162 1435 similitudo
1201 1394 1376 1448 decepit.
1439 1394 1512 1435 sed

170 1455 274 1496 bene
307 1454 421 1508 quod
451 1453 617 1494 facilior
649 1453 962 1494 reformationis
994 1453 1122 1494 huius
1159 1452 1322 1494 medela
1362 1467 1511 1507 suppe-

170 1514 288 1554 ditat.
350 1527 447 1553 nam
486 1512 593 1553 rosis
631 1515 797 1553 tantum
839 1512 1124 1553 demorsitatis
1169 1512 1303 1552 exibis
1346 1512 1511 1553 asinum

169 1572 398 1626 statimque
431 1571 475 1612 in
505 1586 645 1612 meum
671 1570 850 1612 Lucium
876 1571 1140 1625 postliminio
1166 1570 1334 1611 redibis.
1386 1574 1511 1625 atque

169 1631 332 1672 utinam
364 1630 532 1684 uesperi
573 1630 622 1671 de
654 1645 770 1671 more
808 1630 930 1671 nobis
968 1644 1182 1684 parassem
1222 1629 1400 1672 corollas
1439 1630 1510 1671 ali·
1532 1645 1564 1672 25

170 1705 285 1744 quas,
310 1704 362 1730 ne
388 1704 551 1730 moram
582 1689 711 1730 talem
742 1689 946 1743 patereris
978 1688 1047 1729 uel
1078 1689 1215 1729 noctis
1246 1689 1383 1730 unius.
1440 1689 1513 1730 sed

169 1750 306 1803 primo
340 1748 525 1789 diluculo
558 1748 789 1789 remedium
821 1748 1093 1790 festinabitur
1123 1747 1230 1788 tibi?

258 1806 413 1849 XXVI.
456 1806 526 1848 Sic
552 1807 625 1848 illa
650 1807 877 1861 maerebat,
909 1820 987 1861 ego
1013 1821 1114 1847 uero
1148 1820 1389 1860 quanquam
1420 1821 1511 1860 per-

169 1867 304 1908 fectus
343 1866 486 1907 asinus
525 1869 567 1908 et
604 1881 681 1920 pro
711 1866 843 1908 Lucio
886 1866 1121 1907 iumentum
1160 1879 1330 1906 sensum
1369 1867 1511 1906 tamen

169 1926 403 1967 retinebam
434 1926 678 1967 humanum.
741 1925 812 1966 diu
845 1925 1024 1979 denique
1056 1939 1102 1965 ac
1134 1924 1315 1965 multum
1346 1939 1511 1965 mecum
1531 1939 1565 1965 30

266 2093 284 2123 2
312 2090 445 2122 cuncta
470 2089 600 2133 scripsi
630 2089 742 2122 uncta
768 2087 813 2121 F¹
844 2089 956 2122 uncto
984 2089 1077 2131 q>3g
1149 2091 1218 2121 3.4
1245 2085 1405 2121 similem
1430 2087 1508 2122 cdd.

172 2158 339 2193 simulari
371 2160 460 2193 Bsrz.
583 2162 602 2192 5
636 2160 716 2204 seta
747 2158 774 2191 F
820 2159 900 2192 seta
926 2158 1004 2202 ‹301g
1047 2142 1126 2192 seta
1152 2156 1199 2201 cp²
1318 2158 1355 2191 et
1390 2157 1509 2201 Luetj.

173 2206 238 2241 sed
263 2207 340 2240 cdd.
440 2211 480 2240 11
509 2205 620 2240 miser
645 2207 668 2239 ὃ
749 2209 792 2239 14
819 2204 1011 2239 considero
1039 2216 1102 2248 ‹pg
1127 2203 1364 2238 considerans
1392 2203 1508 2246 FcpE.

174 2257 287 2288 14.15
313 2254 526 2288 sententiam
556 2253 665 2296 fenim*
686 2257 769 2297 post
794 2252 914 2287 uideo.
948 2253 1119 2298 [querens
1147 2251 1192 2285 de
1225 2250 1324 2285 facto
1351 2250 1510 2296 Fotidis]

172 2301 343 2335 scholium
385 2301 531 2335 uidetur
568 2301 662 2345 qaod
700 2300 858 2344 pertinet
894 2301 943 2334 ad
983 2298 1267 2343 expostulabam
1302 2308 1359 2332 me
1397 2308 1462 2333 om.
1490 2299 1512 2332 ὃ

173 2351 217 2381 23
245 2347 500 2382 demorsicatis
527 2349 580 2391 ὃς
