1591 2556
127 86 210 126 116
706 85 834 120 LIBRI
859 86 892 121 V

124 182 196 223 ille
228 182 366 222 bonus
397 181 510 223 filius
542 197 661 223 meus
693 182 821 223 habet
853 183 1030 224 amicam
1070 182 1277 237 aliquam!
1320 198 1466 238 prome

124 241 322 296 agedum,
364 255 470 295 quae
502 241 592 282 sola
629 241 735 282 mihi
777 242 910 283 seruis
943 244 1150 295 amanter,
1192 257 1346 283 nomen
1377 243 1468 284 eius

63 345 66 356 A
125 315 231 353 quae
264 314 441 353 puerum
480 300 711 354 ingenuum
751 303 792 341 et
829 301 1038 341 inuestem
1071 300 1336 356 sollicitauit,
1377 302 1468 343 siue

64 359 66 363 '
124 358 198 399 illa
236 358 285 399 de
316 358 615 412 Nympharum
653 359 811 413 populo
850 374 923 400 seu
957 360 1006 400 de
1037 358 1250 400 Horarum
1291 375 1467 402 numero

124 432 199 458 seu
250 418 298 458 de
341 417 560 458 Musarum
611 417 738 458 choro
783 418 852 459 uel
897 418 946 459 de
990 433 1178 459 mearum
1225 418 1467 460 Gratiarum
1505 438 1518 461 f

124 476 391 517 ministerio.’

212 535 302 576 Nec
340 535 497 589 loquax
535 534 608 575 illa
646 535 850 576 conticuit
883 536 973 577 auis
1013 537 1085 577 sed
1117 536 1289 578 ‘nescio’
1328 537 1468 591 inquit

125 594 329 635 ‘dominam
373 597 476 648 puto
521 594 705 648 puellam
744 595 917 648 Oltam>
949 621 1005 624 —
1038 595 1072 636 si
1107 595 1238 649 probe
1281 596 1468 650 memini,

123 653 311 707 Psyches
343 653 513 694 nomine
546 653 700 694 dicitur
731 679 787 682 —
820 654 974 695 efflicte
1007 655 1186 708 cupere.'

213 712 331 753 Tunc
362 712 427 753 uel
451 713 630 754 maxime
655 713 875 767 indignata
901 712 1046 754 Venus
1073 713 1326 754 exclamauit
1352 713 1468 768 ‘Psy-

125 771 230 812 chen
264 771 321 825 [Ρ.
344 771 410 811 96.
431 769 498 827 Ε]
532 771 650 813 illam
681 786 797 813 meae
828 772 988 813 formae
1016 773 1255 829 succubam,
1279 773 1364 814 mei
1394 787 1468 814 110-

124 830 251 871 minis
291 830 498 871 aemulam
536 831 574 871 31
610 845 707 885 uere
753 831 910 885 diligit,
954 831 1153 872 nimirum
1194 831 1302 872 illud
1338 832 1468 873 incre-

124 892 315 930 mentum
352 889 491 930 lenam
523 904 589 930 me
630 890 815 943 putauit,
854 891 972 931 cuius
1014 893 1251 932 monstratu
1283 890 1468 945 puellam

124 948 242 989 illam
275 948 574 1003 cognosceret.'

214 1006 435 1048 XXVIIII.
468 1006 584 1048 Haec
611 1008 819 1062 quiritans
845 1008 1082 1061 properiter
1114 1009 1293 1063 emergit
1319 1024 1340 1049 6
1360 1009 1467 1049 mari

126 1080 335 1120 suumque
365 1066 560 1120 protinus
599 1081 772 1107 aureum
805 1066 1039 1107 thalamum
1077 1067 1185 1121 petit
1216 1071 1258 1108 et
1289 1070 1469 1121 reperto,

126 1125 237 1166 sicut
269 1125 471 1178 audierat,
503 1128 676 1179 aegroto
709 1140 839 1179 puero
866 1125 949 1166 iam
976 1126 1071 1166 inde
1104 1141 1128 1166 a
1152 1126 1315 1167 foribus
1338 1141 1467 1180 quam

125 1184 308 1224 maxime
340 1184 473 1224 boans
506 1183 714 1225 ‘honesta’
753 1184 892 1238 inquit
930 1184 1047 1226 ehaec
1081 1188 1123 1226 et
1153 1185 1366 1226 natalibus
1397 1199 1468 1226 no-

125 1243 225 1284 stiis
251 1243 469 1297 bonaeque
496 1246 538 1284 tu
562 1243 677 1298 frugi
703 1243 990 1298 congruentia,
1016 1247 1064 1285 ut
1088 1244 1271 1298 primum
1300 1244 1469 1299 quidem

125 1304 222 1343 tuae
254 1276 863 1356 pa1e11tis‚imm0³³domi11ae
901 1306 1125 1357 praecepta
1157 1303 1355 1358 calcares,
1392 1318 1469 1345 1166

126 1361 307 1402 sordidis
353 1361 567 1402 amoribus
611 1361 826 1402 inimicam
870 1377 1006 1403 meam
1051 1362 1276 1416 cruciar,es
1319 1377 1469 1403 uerum

126 1420 254 1461 etiam
291 1419 371 1461 hoc
410 1420 560 1461 aetatis
603 1435 708 1474 puer
751 1421 836 1461 tuis
880 1421 1113 1462 licentiosis
1152 1424 1194 1462 et
1230 1421 1468 1462 immaturis

127 1479 324 1533 iungeres
357 1479 640 1533 amplexibus,
677 1482 725 1520 ut
757 1493 834 1534 ego
866 1495 1020 1520 nurum
1053 1480 1213 1521 scilicet
1244 1479 1468 1521 tolerarem

126 1538 359 1578 inimicam!
391 1538 464 1579 sed
489 1539 636 1592 utique
662 1539 909 1592 praesumis,
934 1553 1048 1594 nugo
1075 1541 1117 1580 et
1142 1542 1364 1593 corruptor
1391 1537 1467 1596 [et]

127 1596 380 1651 inamabilis,
406 1600 447 1638 te
474 1597 611 1638 solum
645 1611 908 1652 generosum,
939 1612 1015 1639 1166
1046 1613 1113 1639 1116
1145 1598 1229 1638 iam
1260 1613 1336 1652 per
1361 1601 1469 1639 aeta-

126 1658 213 1696 tem
244 1670 369 1709 posse
402 1656 630 1710 concipere.
693 1656 822 1697 uelim
861 1670 960 1711 ergo
999 1657 1107 1698 scias
1147 1656 1282 1698 multo
1314 1659 1356 1698 te
1386 1672 1469 1698 me-

127 1714 276 1755 liorem
308 1715 444 1755 filium
478 1715 606 1756 alium
639 1716 896 1770 genituram,
928 1716 1058 1757 immo
1090 1719 1139 1756 ut
1170 1716 1468 1757 contumeliam

127 1774 263 1828 magis
297 1774 472 1828 sentias,
511 1775 695 1828 aliquem
728 1775 777 1815 de
809 1775 914 1816 meis
953 1775 1248 1829 adoptaturam
1280 1775 1469 1816 uernulis
1519 1771 1523 1775 ’

270 1964 289 1994 2
322 1971 412 2008 Kpme
440 1960 599 2005 agedum
625 1975 652 2005 φ
679 1963 714 2005 (a
740 1962 780 1995 in
805 1963 890 2005 ras.)
922 1972 1036 2009 Qpmeo
1068 1961 1166 2006 gedu
1198 1961 1225 1994 F
1309 1961 1469 2008 21111111]

126 2043 165 2064 m
196 2030 223 2064 F
322 2034 342 2064 8
381 2031 531 2065 domina
561 2031 589 2065 F
628 2034 664 2075 (a
702 2044 743 2066 m
779 2034 866 2076 ras.)
898 2045 925 2076 φ
1028 2031 1209 2079 -<11111111>
1247 2033 1315 2066 ius.
1342 2032 1468 2067 Rossb.

130 2082 173 2112 10
205 2077 307 2112 Tunc
344 2077 405 2112 uel
443 2078 602 2112 maxime
633 2078 831 2123 indignata
862 2079 986 2113 Venus
1019 2079 1089 2114 Lu
1140 2078 1243 2113 Tunc
1274 2078 1349 2114 ind
1377 2079 1467 2113 Ven.

128 2124 218 2160 excl.
254 2124 315 2159 uel
345 2136 441 2159 max
474 2127 583 2179 mol-qo
632 2125 693 2160 uel
717 2126 799 2170 F¹tp
837 2137 903 2170 per
927 2125 975 2160 F2
982 2127 1037 2171 dg
1145 2130 1186 2160 11
1214 2124 1320 2160 illam
1345 2127 1369 2160 ὃ
1404 2125 1469 2161 1116

127 2172 193 2216 Fq)
208 2172 248 2206 E.
325 2176 366 2206 12
394 2172 425 2206 51
443 2173 517 2215 fmt
536 2185 576 2208 m
595 2173 622 2207 F
648 2174 708 2208 sed
733 2174 883 2208 deletmn
903 2178 964 2216 est,
989 2174 1147 2208 restituit
1167 2173 1269 2208 Koch
1333 2172 1469 2218 diligit,

127 2220 258 2263 scripsi
290 2218 426 2264 diligit.
453 2219 493 2254 E.
522 2219 553 2253 si
578 2231 665 2255 uere
692 2219 821 2254 dicunt
845 2222 904 2255 uel
929 2220 1021 2254 dicis
1041 2220 1112 2255 Lu.
1207 2224 1248 2254 19
1275 2221 1317 2254 tu
1341 2221 1472 2265 scripsi

128 2278 210 2301 cum
236 2266 263 2299 F
288 2267 332 2310 cf.
355 2271 487 2310 59.11;
515 2271 645 2311 61.16;
668 2272 745 2302 119.
761 2271 803 2301 31
842 2269 906 2302 tue
932 2281 960 2312 φ
991 2269 1079 2302 tuae
1104 2266 1143 2302 E.
1242 2271 1286 2301 20
1311 2269 1399 2302 tuae
1424 2267 1470 2301 F1

128 2313 203 2348 tuis
231 2313 314 2358 an²
387 2317 431 2348 24
457 2314 527 2360 [et]
554 2315 678 2350 Rohde
721 2316 762 2349 ut
788 2316 811 2349 ὃ
