1591 2556
623 97 752 132 LIBRI
775 98 891 132 1-—111
1371 100 1427 141 49

89 196 221 238 boatu
253 195 406 237 citatus
439 196 657 235 accusator
689 193 860 247 quidam
899 195 1038 236 senior
1076 196 1266 251 exsurgit
1304 200 1345 238 et
1378 197 1430 238 ad

91 254 256 296 dicendi
276 254 460 308 spatium
474 252 819 306 (dimetiendum)
838 253 1011 305 uascgilo
1032 255 1215 308 quodam
1234 256 1429 309 inAEiQQss

92 313 174 355 coli
206 312 421 369 graciliter
450 311 641 367 fistulato
674 325 722 352 00
752 326 828 366 per
858 312 938 353 hoc
970 313 1173 368 guttatim
1206 314 1343 369 defluo
1370 316 1429 356 in-

91 373 187 414 fusa
217 386 326 426 aqua
355 370 561 425 populum
592 371 653 412 sic
685 370 853 412 adorat.

55 447 72 473 5
181 430 344 484 ‘Neque
387 444 519 496 parua
567 444 633 471 res
678 444 725 471 ac
773 430 997 484 praecipue
1047 446 1193 485 pacem
1243 432 1431 474 ciuitatis

91 492 266 532 cunctae
292 489 520 543 respiciens
547 492 589 530 et
614 488 808 542 exemplo
835 490 944 531 serio
970 490 1193 544 p1·ofutu1a
1213 492 1431 547 tractatur,

91 548 279 598 Quirites
304 548 573 589 sanctissimi
619 562 747 602 quare
772 549 909 603 magis
942 549 1140 604 congruit
1171 540 1323 591 sedulo
1349 548 1431 591 sin

91 607 214 662 gulos
246 610 373 661 atque
405 607 627 649 uniuersos
659 621 736 648 uos
776 622 852 661 pro
887 607 1093 662 dignitate
1130 608 1301 662 publica
1337 624 1432 664 pro-

91 666 245 720 uidere,
259 681 310 708 ne
330 665 515 707 nefarius
534 665 747 707 homicida
766 668 832 707 tot
852 667 1041 708 caedium
1061 667 1284 723 lanienam,
1305 683 1432 722 quam

3 723 5 774 ζ
38 742 72 768 10
91 727 286 767 cruenter
317 725 516 779 exercuit,
546 725 703 780 inpune
735 726 1004 767 commiserit.
1066 741 1142 768 nec
1174 742 1240 768 me
1271 728 1432 781 putetis

90 784 270 839 priuatis
303 784 593 826 simultatibus
625 783 874 825 instinctum
914 785 1009 826 odio
1048 786 1220 840 proprio
1259 787 1432 828 saeuire.

91 858 186 884 sum
210 858 391 898 namque
416 846 647 885 nocturnae
672 844 887 885 custodiae
913 844 1163 898 praefectus,
1190 860 1265 886 nec
1291 846 1335 886 in
1361 846 1433 886 ho-

92 902 284 943 diernum
310 902 433 944 credo
467 917 706 957 quenquam
732 903 984 958 peruigilem
1011 903 1275 959 diligentiam
1295 919 1433 946 meam

92 961 261 1015 culpare
286 976 420 1015 posse.
465 977 554 1003 rem
581 962 760 1016 denique
791 962 927 1016 ipsam
960 965 1001 1004 et
1033 978 1139 1017 quae
1164 966 1288 1004 nocte
1314 967 1434 1019 gesta

38 1036 72 1063 15
92 1023 192 1061 sunt
228 1035 324 1062 cum
360 1021 442 1062 fide
486 1021 708 1075 proferam.
771 1036 869 1062 nam
913 1036 1008 1063 cum
1048 1022 1135 1063 fere
1179 1023 1263 1063 iam
1307 1023 1435 1064 tertia

92 1079 241 1134 uigilia
272 1079 521 1134 scrupulosa
553 1080 774 1135 diligentia
805 1084 978 1122 cunctae
1018 1081 1204 1122 ciuitatis
1244 1082 1434 1122 ostiatim

92 1138 260 1193 singula
292 1139 562 1180 considerans
601 1139 883 1193 circumirem,
924 1140 1137 1194 conspicio
1176 1140 1306 1181 istum
1345 1155 1434 1182 cru-

93 1197 357 1239 delissimum
382 1198 579 1239 iuuenem
603 1212 803 1239 mucrone
830 1198 895 1239 de·
918 1198 974 1252 [p.
989 1199 1140 1253 41.E.]
1167 1199 1316 1241 stricto
1342 1215 1434 1254 pas-

93 1257 174 1297 sim
206 1256 402 1298 caedibus
442 1259 685 1310 operantem
723 1257 891 1311 iamque
928 1257 1006 1298 tris
1038 1272 1214 1299 1111111010
1256 1259 1435 1300 saeuitia

0 1332 7 1365 y
40 1333 75 1358 20
94 1316 184 1356 eius
216 1316 493 1382 interemptos
536 1319 632 1357 ante
669 1316 796 1382 pedes
834 1316 967 1370 ipsius
1005 1317 1260 1371 spirantibus
1300 1318 1435 1359 adhuc

94 1374 342 1428 corporibus
373 1375 419 1415 in
449 1374 583 1416 multo
617 1375 821 1429 sanguine
846 1375 1115 1429 palpitantes.
1161 1378 1202 1417 et
1228 1377 1318 1431 ipse
1346 1377 1435 1431 qui-

94 1434 188 1474 dem
221 1433 478 1474 conscientia
508 1434 617 1474 tanti
641 1434 840 1475 facinoris
866 1434 1017 1476 merito
1043 1438 1262 1488 peimotus
1289 1436 1435 1476 statim

93 1492 284 1547 profugit
316 1495 357 1533 et
393 1492 437 1533 in
470 1492 641 1534 domum
674 1493 885 1547 quandam
916 1494 1126 1547 praesidio
1165 1494 1435 1535 tenebrarum

94 1551 262 1605 elapsus
311 1554 527 1606 perpetem
577 1554 744 1593 noctem
796 1551 975 1593 delituit.
1046 1553 1119 1594 sed
1167 1553 1437 1607 prouidentia

42 1627 76 1652 25
96 1610 232 1664 deum,
254 1625 359 1664 quae
374 1610 487 1658 *nihil
507 1611 765 1665 impunitum
786 1611 1036 1652 nocentibus
1058 1612 1280 1667 permittit,
1300 1613 1435 1666 prius-

96 1684 223 1724 quam
248 1669 328 1711 iste
355 1669 627 1711 clandestinis
654 1670 878 1711 itineribus
904 1670 1152 1725 elaberetur,
1177 1686 1301 1713 mane
1320 1687 1436 1726 prae-

4 1779 5 1786 ,
96 1728 276 1769 stolatus
321 1729 373 1769 ad
416 1729 718 1784 grauissimum
761 1729 906 1770 iudicii
950 1731 1083 1771 uestri
1128 1734 1437 1785 sacramentum

96 1802 193 1828 eum
225 1788 370 1829 curaui
401 1788 639 1841 perducere.
689 1788 855 1830 habetis
888 1789 1030 1843 itaque
1062 1804 1181 1830 reum
1214 1793 1279 1831 tot
1305 1790 1437 1831 caedi-

96 1846 176 1888 bus
208 1847 445 1901 impiatum,
476 1862 595 1888 reum
627 1862 768 1888 coram
801 1847 1071 1902 deprensum,
1104 1863 1222 1889 reum
1253 1850 1437 1904 peregri-

4 1921 10 1952 ’,
43 1922 78 1947 30
96 1920 209 1946 num.
254 1908 495 1947 constanter
519 1906 662 1960 itaque
695 1906 739 1946 in
763 1905 979 1948 hominem
1007 1907 1190 1949 alienum
1215 1908 1321 1949 ferte
1348 1923 1438 1949 5011-

97 1965 251 2005 tentias
284 1965 333 2006 de
365 1979 413 2006 eo
446 1965 638 2019 crimine,
677 1965 790 2019 quod
827 1966 955 2007 etiam
993 1966 1036 2007 in
1068 1969 1260 2008 uestrum
1302 1967 1439 2009 ciuem

99 2023 300 2065 seueriter
330 2024 614 2065 uindicaretis.

1368 2079 1391 2087 a*

195 2214 214 2243 2
242 2209 567 2258 <dimetiendum>
592 2213 731 2247 inserui
827 2216 845 2247 9
872 2214 929 2246 tot
955 2213 1125 2247 caedium
1151 2213 1320 2248 Beroald.
1359 2213 1440 2246 tota

103 2279 227 2325 edifim
245 2280 312 2323 qu
340 2281 409 2325 (ed.
432 2284 475 2325 φ)
551 2284 592 2315 15
625 2267 730 2327 pferd
760 2283 788 2316 F
887 2286 928 2317 18
963 2283 1139 2318 destricto
1167 2292 1196 2325 φ
1235 2284 1278 2325 cf.
1306 2285 1361 2317 49.
1379 2286 1438 2326 263

103 2330 157 2361 59.
174 2331 192 2361 7
233 2327 401 2362 districto
427 2329 474 2362 ΕΙ
571 2332 614 2363 ‘20
641 2329 867 2374 spirantibus
894 2332 1023 2375 scripsi
1057 2330 1239 2375 spirantes
1267 2331 1344 2365 cdd.

173 2392 298 2418 APVLm
316 2401 438 2420 METAM.
457 2393 502 2420 ed.
522 2394 628 2419 Vliet
1136 2392 1158 2421 4
