1591 2556
539 85 641 121 CAP.
666 84 1005 121 XXVI—XXVHH
1361 84 1446 126 245

98 183 204 224 rime
248 182 501 236 inhiansque
543 184 635 223 toto
677 180 791 222 filiae
830 181 1088 235 patrimonio
1131 181 1366 222 inminebat
1404 183 1447 223 et

99 241 239 296 capiti.
290 255 390 296 ergo
417 243 531 282 certa
556 240 851 281 defunctorum
877 240 1109 282 liberorum
1135 243 1293 281 matres
1315 243 1447 282 mater

100 300 301 342 scelerata
331 300 588 341 hereditates
615 299 819 354 excipere,
850 299 979 340 talem
1004 301 1224 353 parentem
1249 299 1447 353 praebuit

100 359 268 414 qualem
300 359 549 401 exhibuerat
586 373 760 400 uxorem
794 359 1057 413 prandioque
1096 360 1335 399 commento
1367 373 1445 412 pro

4 458 5 462 ,
64 436 81 462 5
100 422 291 473 tempore
317 420 360 459 et
385 432 560 459 uxorem
582 417 734 459 medici
767 417 894 459 simul
921 420 963 459 et
990 432 1110 458 suam
1129 417 1263 458 filiam
1282 431 1445 458 ueneno

3 478 5 498 ²
101 477 246 519 eodem
272 477 467 531 percutit.
531 477 603 518 sed
627 476 828 531 paruulae
856 476 1027 531 quidem
1052 480 1223 518 tenuem
1249 476 1447 530 spiritum

100 539 142 578 et
174 536 352 578 delicata
383 551 430 577 ac
458 539 603 578 tenera
632 536 879 590 praecordia
911 536 1081 577 conficit
1106 535 1302 590 protinus
1327 535 1447 576 uirus

100 595 315 650 infestum,
348 598 391 636 at
421 610 529 636 uxor
560 595 730 649 medici,
769 595 869 636 dum
901 595 1040 636 noxiis
1073 595 1326 650 ambagibus
1356 594 1447 649 pul-

1 698 3 709 ,
99 669 245 696 mones
290 655 379 696 eius
423 657 612 709 pererrat
661 657 892 708 tempestas
940 654 1203 695 detestabilis
1246 653 1448 708 potionis,

45 730 80 756 ιο
98 714 284 768 primum
317 714 531 767 suspicata
562 713 674 767 quod
706 728 772 754 res
799 715 900 766 erat,
932 728 1031 754 mox
1058 715 1265 768 urguente
1291 712 1446 767 spiritu

0 777 2 781 ’
99 773 184 814 iam
216 775 330 814 certo
363 773 517 814 certior
548 772 766 813 contendit
798 773 850 813 ad
878 773 1014 826 ipsam
1039 772 1247 826 praesidis
1274 772 1448 812 domum

99 845 338 886 magnoque
369 831 495 873 fidem
525 831 615 873 eius
641 834 877 885 protestata
902 831 1083 872 clamore
1110 834 1152 872 et
1177 830 1326 885 populi
1352 845 1447 872 con-

100 891 231 932 citato
263 890 463 945 tumultu,
494 893 643 945 utpote
675 894 763 931 tam
796 891 998 931 immania
1030 890 1247 932 detectura
1272 890 1448 945 flagitia,

101 949 232 991 efficit
270 950 415 990 statim
448 949 529 990 sibi
568 950 696 990 simul
733 952 775 991 et
813 950 962 991 domus
1001 952 1043 990 et
1081 964 1203 991 aures
1240 949 1448 1004 praesidis

47 1025 80 1051 15
99 1009 358 1063 patefierent.
409 1009 576 1063 iamque
610 1009 661 1050 ab
694 1009 786 1063 ipso
819 1009 992 1050 exordio
1019 1008 1334 1050 crudelissimae
1359 1023 1448 1049 mu-

99 1067 217 1109 lieris
249 1067 412 1109 cunctis
445 1068 740 1109 atrocitatibus
774 1068 1000 1122 diligenter
1025 1068 1243 1121 expositis,
1274 1069 1446 1121 repente

99 1127 255 1167 mentis
286 1126 434 1167 nubilo
460 1127 629 1168 turbine
657 1130 850 1180 correpta
875 1126 1148 1168 semihiantes
1177 1126 1313 1167 adhuc
1339 1141 1448 1168 com-

100 1186 256 1240 pressit
286 1185 420 1226 labias
452 1189 494 1227 et
526 1186 675 1227 attritu
703 1186 893 1227 dentium
919 1185 1048 1241 longo
1075 1185 1256 1227 stridore
1281 1185 1447 1226 reddito

101 1247 197 1286 ante
229 1244 344 1298 ipsos
385 1245 590 1298 praesidis
622 1245 749 1299 pedes
788 1244 993 1286 exanimis
1032 1245 1201 1286 corruit.
1258 1259 1334 1286 nec
1366 1244 1449 1299 ille,

2 1316 3 1337 ‡
48 1320 83 1346 20
102 1303 169 1345 uir
195 1303 383 1358 alioquin
410 1304 631 1358 exercitus,
663 1307 751 1344 tam
776 1303 1038 1345 multiforme
1063 1304 1228 1345 facinus
1255 1306 1448 1345 excetrae

101 1365 333 1404 uenenatae
365 1363 567 1404 dilatione
604 1363 808 1418 languida
841 1378 992 1417 passus
1023 1377 1280 1404 marcescere
1313 1363 1449 1404 confe-

101 1422 202 1463 stim
252 1422 522 1462 cubiculariis
572 1422 762 1463 mulieris
807 1422 1007 1463 adtractis
1051 1422 1095 1463 ui
1138 1424 1449 1463 tormentorum

101 1481 325 1522 ueritatem
358 1481 469 1522 eruit
501 1481 558 1535 [p.
573 1481 754 1535 200,E.]
788 1484 914 1536 atque
947 1481 1076 1535 illam,
1106 1481 1248 1522 minus
1278 1481 1449 1536 quidem

1 1578 3 1589 Α
107 1554 234 1594 quam
253 1540 507 1594 merebatur,
527 1541 599 1581 sed
614 1541 727 1595 quod
748 1540 902 1595 dignus
922 1541 1134 1582 cruciatus
1155 1540 1263 1581 alius
1283 1540 1449 1595 excogi-

1 1640 3 1654 Α
49 1615 83 1640 25
102 1599 185 1640 tari
215 1613 300 1640 non
331 1602 511 1653 poterat,
537 1602 649 1641 certe
675 1600 824 1640 bestiis
851 1600 1114 1641 obiciendam
1140 1600 1448 1654 pronuntiauit.

1 1660 3 1666 ’
190 1657 413 1699 XXVIIII.
463 1658 578 1699 Talis
622 1658 813 1699 mulieris
854 1659 1086 1713 publicitus
1127 1658 1448 1700 matrimonium

100 1716 417 1758 confariaturus
454 1717 701 1783 ingentique
741 1731 898 1772 angore
930 1718 1086 1772 oppido
1119 1732 1349 1772 suspensus
1381 1732 1449 1758 ex-

100 1776 321 1830 pectabam
353 1776 464 1817 diem
489 1777 689 1831 muneris,
721 1777 889 1842 saepius
915 1777 1085 1831 quidem
1116 1779 1299 1818 mortem
1325 1776 1448 1817 mihi-

99 1838 179 1876 met
217 1834 366 1876 uolens
407 1836 664 1877 consciscere
702 1836 950 1890 priusquam
989 1836 1218 1878 scelerosae
1256 1835 1448 1877 mulieris

204 1965 235 1997 2.
251 1965 272 1996 3
306 1963 444 1997 matres
470 1964 590 1998 mater
625 1962 807 1998 scelerata
843 1964 974 2008 scripsi
1021 1965 1141 1998 mater
1179 1963 1362 1998 scelerata
1400 1963 1448 1997 F⁰

101 2009 238 2043 matres
272 2009 472 2044 sceleratas
498 2010 581 2054 Flcp
630 2012 769 2045 matres
803 2010 1035 2063 [sceleratas]
1061 2011 1102 2046 Ε
1147 2012 1286 2046 matres
1322 2021 1447 2055 super—

103 2055 210 2091 stites
236 2056 274 2100 S(
264 2058 410 2102 (auppe)
520 2061 540 2091 9
566 2058 786 2103 tempestas]
812 2069 889 2092 iam
913 2058 1030 2103 pestis
1059 2058 1164 2093 Corn.
1191 2059 1252 2093 sed
1276 2059 1322 2101 cf.
1348 2058 1446 2092 Zeno

106 2102 186 2138 Ver.
211 2103 238 2138 I.
267 2107 338 2138 9.1
464 2108 507 2139 10
542 2106 697 2149 urgente
733 2106 810 2140 cdd.
854 2105 1057 2150 languente
1094 2105 1200 2141 Corn.
1227 2105 1273 2148 cf.
1302 2107 1445 2138 179.19

103 2153 146 2183 17
179 2150 337 2185 mirbine
369 2151 452 2196 F¹zp
460 2151 471 2170 ¹
568 2153 736 2196 correpto
768 2152 833 2196 qu
954 2156 999 2187 20
1032 2152 1215 2187 exercitus
1242 2152 1306 2196 Ὲφ
1338 2152 1393 2195 (m
1418 2164 1446 2194 φ

99 2197 215 2232 adscr.
241 2202 310 2232 est:
338 2209 406 2243 pro
439 2198 678 2244 exercitatus)
721 2201 890 2234 excetrae
917 2200 1082 2235 Elmenh.
1127 2200 1278 2234 exereta
1310 2198 1338 2232 F
1374 2199 1448 2242 (sed

101 2244 267 2289 deletum)
293 2256 358 2281 om.
380 2247 402 2280 ὃ
440 2247 611 2281 exceteru
639 2260 666 2290 φ
773 2250 817 2281 23
843 2247 912 2282 illa
936 2247 1032 2291 Εφδ
1128 2249 1184 2280 28.
1201 2249 1243 2281 29
1275 2245 1448 2280 mihimet

99 2314 237 2358 Rohde,
252 2315 379 2360 Corn.;
398 2317 439 2351 in
452 2316 480 2350 F
505 2317 579 2361 fuit
612 2318 770 2352 mortem
794 2294 831 2351 iil
850 2319 952 2353 metu
971 2317 1107 2354 uolen*
1132 2317 1221 2363 quid
1234 2320 1318 2362 post·
1336 2315 1448 2351 uolen
