1591 2556
6 718 13 764 ζ’
56 725 89 749 10

57 1019 89 1044 15

6 1314 12 1348 »ᾖ
60 1320 94 1344 20

6 1610 13 1634 .-”
61 1615 94 1640 25

654 80 754 116 CAP.
781 81 914 114 I—HII
1366 80 1450 121 165

106 177 326 232 magisque
371 177 613 231 praeclusos
658 177 798 218 aditus
838 177 959 231 copia
999 177 1332 218 custodientium
1375 193 1460 219 cer-

106 240 241 290 neret,
273 237 432 291 <quae>
463 237 645 291 puellae,
677 236 768 290 <et>
801 236 836 276 si
877 235 1029 290 uellet,
1069 251 1310 290 quanquam
1351 237 1460 278 uelle

111 310 198 336 non
235 298 397 349 posset,
436 296 668 337 furatrinae
707 295 944 349 coniugalis
984 295 1317 336 incommodaret
1349 297 1459 336 rudi-

110 357 315 405 mentum,
336 369 542 408 nonaeque
562 359 679 408 atque
701 354 907 408 yliseentis
926 355 1156 407 affectionis
1173 355 1460 407 firmissimum

110 411 324 455 uiuendum
364 428 446 455 uon
478 428 600 467 posse
640 414 857 456 dissociari
889 415 1151 466 perspiceret.
1195 413 1273 467 [et]
1318 416 1460 454 tamen

109 473 161 513 ad
194 472 274 513 hoc
313 473 472 526 ipsum,
512 473 625 527 quod
662 487 746 513 non
779 475 938 526 potest,
971 473 1237 513 contentiosa
1274 473 1460 526 pernicie

108 532 231 585 quasi
263 535 407 585 posset
440 532 685 586 impellitur.
737 531 851 586 quod
882 547 994 572 nuno
1027 532 1206 572 arduum
1238 531 1354 572 factu
1386 547 1459 585 pu-

108 594 241 644 tatur,
279 606 421 632 amore
459 606 534 645 per
566 591 654 632 dies
692 591 892 631 roborato
930 591 1053 632 facile
1086 590 1257 631 uidetur
1295 591 1459 632 effectu.

108 653 295 703 spectate
338 650 518 704 denique
556 650 647 704 sed,
686 665 777 704 oro,
811 650 1007 691 sollicitis
1047 650 1198 690 animis
1240 650 1461 704 intendite,

109 724 313 763 quorsum
345 709 530 750 furiosae
562 709 753 755 libidinis
786 711 1032 763 proruperit
1064 710 1260 763 impetus.

229 768 285 822 [p.
304 768 483 822 136.E.]
514 767 611 809 IIII.
643 768 725 809 Die
752 769 934 822 quadam
960 771 1163 809 uenatum
1189 767 1461 822 Tlepolemus

110 830 329 881 assumpto
372 827 596 881 Thrasyllo
641 828 814 881 petebat
857 828 1136 883 indagaturus
1178 827 1300 868 feras.
1358 828 1460 881 quid

108 890 250 927 tamen
282 887 326 927 in
359 887 520 940 capreis
552 887 735 928 feritatis
768 886 861 928 est?
907 902 983 928 nec
1016 887 1128 928 enim
1163 885 1333 928 Charite
1372 902 1456 926 ina-

109 946 238 986 ritum
271 960 394 986 suum
421 961 621 1000 quaerere
653 946 896 1000 patiebatur
927 947 1085 987 bestias
1114 949 1296 986 armatas
1331 946 1458 986 dente

108 1005 178 1045 uel
216 1020 357 1046 cornu.
413 1005 581 1059 iainque
627 1006 738 1059 apud
778 1005 1027 1046 frondosum
1069 1005 1285 1046 tumulum
1327 1020 1461 1045 ramo-

110 1079 288 1118 rumque
321 1064 461 1105 densis
488 1064 750 1119 tegminibus
776 1065 1037 1118 umbrosum,
1072 1067 1300 1118 prospectu
1332 1065 1459 1105 uesti-

111 1126 307 1178 gatorum
353 1123 541 1177 obseptis
588 1123 768 1177 capreis,
813 1138 935 1164 canes
980 1123 1219 1165 uenationis
1269 1123 1461 1178 indagini

112 1196 351 1236 generosae,
377 1182 576 1223 mandato
598 1182 727 1223 cubili
754 1182 987 1224 residentes
1015 1183 1263 1223 inuaderent
1288 1183 1461 1237 bestias,

113 1241 403 1282 immittuntur
444 1241 674 1295 statimque
716 1241 902 1282 sollertis
947 1242 1193 1295 disciplinae
1238 1256 1461 1295 memores,

112 1300 294 1353 partitae
326 1303 440 1341 totos
478 1301 759 1355 praecingunt
792 1301 931 1341 aditus
970 1301 1182 1354 tacitaque
1221 1301 1339 1354 prius
1378 1316 1461 1342 ser-

113 1362 211 1399 uata
242 1359 557 1413 mussitatione,
591 1360 713 1414 signo
747 1360 829 1400 sibi
860 1360 1082 1413 repentino
1115 1360 1298 1413 reddito,
1336 1360 1461 1400 latra-

113 1418 227 1458 tibus
278 1418 453 1459 feruidis
500 1419 766 1472 dissonisque
810 1419 990 1460 miscent
1034 1419 1186 1460 onmia.
1248 1434 1323 1460 nec
1373 1419 1462 1460 ulla

113 1492 262 1531 caprea
306 1492 381 1518 nec
430 1492 590 1531 pauens
630 1477 844 1518 dammula
888 1493 963 1519 nec
1013 1493 1112 1532 prae
1157 1478 1308 1519 ceteris
1359 1478 1460 1519 feris

112 1536 258 1577 mitior
295 1551 437 1591 cerua,
476 1537 549 1578 sed
581 1552 680 1591 aper
717 1537 915 1578 immanis
948 1540 1074 1592 atque
1114 1537 1360 1578 inuisitatus
1394 1552 1461 1578 ex-

114 1595 252 1650 surgit
288 1596 394 1636 toris
433 1595 612 1637 callosae
652 1597 761 1637 cutis
800 1596 971 1650 obesus,
1008 1596 1107 1650 pilis
1140 1596 1461 1637 inhorrentibus

115 1654 228 1695 corio
273 1655 509 1709 squalidus,
551 1655 653 1696 setis
698 1656 1019 1710 insurgentibus
1065 1656 1209 1710 spinae
1252 1655 1461 1709 hispidus,

115 1713 311 1754 dentibus
341 1714 491 1755 attritu
524 1715 666 1755 sonaci
694 1729 906 1769 spumeus,
940 1715 1072 1756 oculis
1101 1718 1272 1769 aspectu
1305 1715 1459 1755 minaci

114 1773 346 1827 flammeus,
377 1773 539 1827 impetu
573 1788 698 1814 saeuo
730 1774 949 1815 frementis
983 1774 1067 1815 oris
1102 1808 1287 1815 .......
1298 1808 1309 1828 ,
1341 1777 1459 1814 totus

208 1940 227 1969 2
248 1947 344 1980 quae
363 1936 512 1981 puellae
532 1938 663 1981 scripsi
688 1939 724 1971 et
743 1936 891 1981 puellae
912 1938 991 1971 edd.
1018 1937 1110 1982 <et>
1126 1937 1157 1970 si
1171 1938 1302 1982 scripsi
1328 1937 1359 1971 si
1379 1939 1458 1972 edd.

115 1987 134 2016 3
160 1983 367 2028 coniugalis
394 1984 491 2027 Εφδ
526 1984 722 2028 coniugale
749 1984 788 2018 E.
886 1989 919 2018 4.
935 1989 955 2018 ἴ)
983 1986 1093 2019 uerba
1119 1995 1458 2029 nonaeque—per-

114 2030 273 2074 spiceret
303 2043 394 2075 quae
425 2032 466 2065 in
497 2032 575 2066 edd,
601 2032 776 2066 collocata
806 2036 893 2066 suut
918 2036 1002 2076 post
1027 2033 1210 2074 cerneret,
1247 2033 1460 2076 trcmsposm·

109 2082 192 2121 post
222 2077 476 2112 rudimentum
596 2082 615 2112 5
649 2078 718 2124 [et]
744 2080 875 2113 seclusa·
997 2082 1040 2113 10
1071 2079 1284 2123 proruperit
1310 2081 1332 2113 ὃ
1374 2090 1458 2123 pro—

114 2124 281 2169 ruperint
305 2125 372 2168 qu
472 2129 513 2159 17
546 2125 736 2170 indaginis
769 2126 853 2168 Flo)
954 2130 996 2160 18
1029 2126 1253 2160 inuaderent
1279 2126 1349 2160 Lu.
1378 2138 1458 2160 enm

115 2171 179 2213 Fq)
207 2174 262 2215 (in
285 2172 313 2206 F
344 2173 387 2207 nt
412 2184 554 2207 erasum
579 2174 641 2217 est)
668 2174 713 2216 ef.
743 2177 876 2207 1982ss
916 2173 1094 2208 inuadere
1121 2173 1162 2208 E.
1262 2177 1315 2207 21.
1333 2177 1376 2206 22
1404 2173 1458 2207 la-

115 2218 275 2253 tratibus
299 2231 367 2265 my.
395 2228 424 2262 φ
456 2219 684 2254 latrantibus
710 2220 809 2262 Fq>6
906 2224 949 2254 22
982 2220 1154 2266 feruidis]
1182 2220 1347 2255 ferundis
1374 2221 1453 2255 cdd.

116 2269 160 2298 24
184 2265 401 2301 inuisitatus
426 2267 524 2309 sza
550 2268 594 2309 ef.
624 2267 713 2302 Gen.
741 2267 782 2302 V.
807 2272 859 2302 14.
877 2272 894 2302 7
934 2267 1136 2302 inusitatus
1165 2268 1204 2303 E.
1304 2271 1347 2301 28
1381 2267 1455 2301 oris

117 2341 264 2347 .......
293 2314 462 2349 lacunam
486 2317 599 2349 statui
