1591 2556
170 102 253 143 194
713 100 840 135 LIBRI
865 100 967 134 VHH

363 198 449 239 ideo
479 197 682 239 coniuncti
713 200 864 238 terram
888 197 1160 249 proscindunt
1189 197 1318 249 boues,

361 259 405 297 ut
433 257 479 297 in
507 256 696 309 futurum
727 255 833 297 laeta
863 256 1093 309 yerminent
1121 259 1223 297 sata.

167 319 258 356 tum
291 315 402 369 siqui
434 314 751 355 matrimonium
779 315 892 367 forte
917 317 1162 368 coaptantes
1186 314 1507 367 interrogarent,

167 389 255 415 rem
288 374 423 428 ipsam
455 373 698 427 responderi
731 374 910 427 aiebant,
930 374 1176 426 (iumentis)
1202 372 1410 427 iungendo
1441 385 1506 412 co-

168 433 298 474 nubio
324 436 366 473 et
391 432 494 473 satis
520 432 666 474 liberis
689 433 968 486 procreandis.
1020 432 1055 473 si
1080 432 1368 486 possessiones
1390 443 1506 484 prae—
1543 451 1559 476 5

167 492 403 533 stinaturus
424 494 653 545 quaereret,
678 491 830 532 merito
856 492 987 532 boues
1013 494 1061 531 ut
1092 494 1134 532 et
1164 491 1312 545 iugum
1337 493 1381 531 et
1406 503 1508 530 arua

167 550 368 592 sementis
394 550 629 591 florentiam
657 550 960 604 praenuntiare.
1011 550 1144 604 siquis
1170 550 1220 590 de
1245 548 1506 604 profectione

167 610 375 650 sollicitus
408 609 598 650 diuinum
637 612 803 663 caperet
835 609 1087 663 auspicium,
1125 608 1291 650 iunctos
1322 608 1407 648 iam
1437 621 1506 660 pa-

165 671 365 722 ratosque
404 668 708 722 quadripedum
746 671 993 709 cunctorum
1027 667 1391 708 mansuetissimos
1423 671 1508 713 (se-

167 741 310 768 curum
346 728 422 768 iter
453 728 718 780 portendere>
760 730 802 768 et
838 727 1001 768 lucrum
1040 726 1233 780 promitti
1271 726 1321 767 de
1360 724 1507 780 glebae
1527 745 1562 770 ιο
1590 751 1591 774 3

168 786 367 841 germine
417 786 453 826 si
484 786 692 839 proelium
719 787 1002 840 capessiturus
1032 785 1099 826 uel
1124 785 1338 826 latronum
1363 784 1507 825 factio-

165 860 261 886 nem
294 847 590 899 persecuturus
627 844 754 886 utiles
790 859 920 886 necne
956 859 1178 910 processus
1212 844 1510 896 sciscitaretur,
1589 830 1591 906 Ι

168 904 375 945 addictam
395 904 618 944 uictoriam
637 904 764 945 sortis
777 905 995 958 praesagio
1011 903 1331 957 contendebant,
1351 903 1508 957 quippe
1590 907 1591 950 l

167 963 350 1004 ceruices
377 962 565 1003 hostium
592 963 692 1017 iugo
719 963 952 1004 subactuz'ri
982 966 1023 1003 et
1048 962 1246 1016 praedam
1272 962 1323 1003 de
1348 961 1508 1015 rapinis

168 1022 426 1063 uberrimam
456 1022 802 1075 fructuosamque
834 1022 1026 1075 captuz'ri.
1528 1038 1561 1064 15

257 1081 313 1134 [p.
337 1080 430 1121 160.
445 1079 514 1134 E]
546 1079 614 1120 Ad
639 1080 768 1121 istum
795 1080 967 1120 modum
994 1080 1269 1121 diuinationis
1295 1082 1388 1120 astu
1415 1094 1506 1132 cap-

168 1140 281 1180 tioso
320 1143 589 1180 conraserant
620 1137 799 1195 (VHII.)
831 1153 915 1180 non
941 1153 1092 1192 paruas
1119 1138 1318 1192 pecunias
1343 1138 1415 1179 sed
1441 1138 1507 1178 ad—

167 1198 300 1239 siduis
332 1198 736 1253 interrogationibus
763 1198 1001 1252 argumenti
1027 1198 1221 1238 satietate
1248 1197 1331 1238 iam
1358 1196 1508 1238 defecti

166 1272 335 1298 rursum
374 1257 426 1297 ad
456 1258 570 1298 uiam
608 1257 833 1311 prodeunt,
871 1257 984 1297 uiam
1016 1259 1107 1298 tota
1144 1271 1270 1311 quam
1306 1257 1509 1298 hactenus
1570 1256 1573 1258 ’

167 1316 480 1358 confeceramus
512 1316 637 1371 longe
668 1316 866 1370 peiorem,
898 1316 1045 1370 quidni
1073 1315 1284 1357 lacunosis
1310 1314 1508 1356 incilibus
1527 1334 1563 1358 20

167 1375 479 1430 uoraginosam,
510 1376 666 1429 partim
698 1375 913 1430 stagnanti
944 1375 1097 1428 palude
1128 1375 1302 1416 fluidam
1333 1377 1376 1415 et
1406 1373 1508 1414 alibi

167 1434 362 1475 subluuie
389 1449 566 1475 caenosa
590 1434 806 1475 lubricam.
857 1434 1014 1474 crebris
1041 1434 1221 1488 denique
1241 1432 1509 1474 offensaculis

168 1496 210 1533 et
251 1493 432 1534 assiduis
472 1493 662 1547 lapsibus
703 1493 786 1533 iam
827 1493 1015 1534 contusis
1057 1493 1249 1534 cruribus
1289 1492 1394 1534 meis
1434 1491 1508 1532 uix

168 1552 338 1593 tandem
379 1552 430 1592 ad
472 1554 726 1605 campestres
769 1552 940 1592 semitas
983 1552 1119 1593 fessus
1161 1551 1336 1592 euadere
1375 1550 1506 1605 potui.

168 1614 210 1651 et
235 1625 327 1651 ecce
353 1610 476 1650 nobis
503 1614 674 1664 repente
701 1610 750 1651 de
776 1613 896 1665 tergo
922 1610 1163 1664 manipulus
1190 1610 1341 1651 armati
1367 1624 1507 1663 super·
1527 1627 1562 1653 :35

263 1754 282 1783 3
317 1750 412 1784 forte
446 1750 571 1784 Rohde
616 1752 713 1784 sorte
747 1751 825 1785 cdd.
946 1755 978 1784 4.
995 1755 1014 1784 5
1052 1749 1284 1797 (iumentis)
1319 1748 1506 1793 iungendo

167 1797 326 1831 conubio
346 1799 384 1831 et
410 1796 501 1831 satis
526 1796 654 1832 liberis
674 1797 913 1842 procreandis
931 1798 1063 1841 scripsi
1087 1798 1131 1840 cf.
1148 1797 1246 1831 Mus.
1262 1797 1378 1832 Rlaen.
1404 1796 1452 1830 N.
1469 1796 1504 1830 S.

168 1844 275 1878 XLII.
303 1848 381 1878 314.
408 1845 452 1887 ef.
480 1845 586 1879 etiam
613 1844 712 1879 Seru.
738 1846 788 1879 ad
813 1845 903 1879 Aen.
924 1844 986 1879 ΙΠ.
1008 1848 1074 1878 537
1115 1843 1321 1888 iungendos
1346 1842 1505 1877 conubio

169 1894 207 1925 et
226 1891 317 1925 satis
337 1891 496 1925 liberum
515 1891 753 1935 procreandis
771 1892 836 1935 Fq2
863 1891 991 1926 liberis
1010 1890 1250 1936 procreandis
1270 1892 1293 1924 δ
1317 1889 1505 1934 iungendo

169 1938 327 1972 conubio
354 1940 391 1972 et
416 1937 508 1972 satis
534 1938 693 1972 liberum
717 1951 770 1983 pr.
797 1939 888 1974 Bsrz.
964 1943 982 1972 7
1009 1937 1219 1972 florentiam
1243 1936 1506 1982 praenuntiare

168 1986 297 2029 scripsi
340 1984 510 2019 florentia
535 1985 769 2029 pronuntiari
800 1986 865 2029 Ὲφ
963 1989 993 2019 9.
1018 1989 1060 2019 10
1095 1985 1291 2031 <securum
1321 1983 1392 2018 iter
1423 1994 1506 2028 por-

169 2032 349 2078 tendere>
382 2033 520 2066 inserui
642 2036 683 2066 13
716 2032 1090 2067 addictam—sortis
1122 2032 1284 2067 Stewech.
1318 2032 1363 2074 cf.
1391 2035 1468 2065 217.
1486 2034 1505 2064 7

172 2079 340 2113 additam
356 2078 502 2113 —forti
533 2080 612 2114 cdd.
735 2083 778 2113 14
810 2079 1017 2114 subactuiri
1048 2084 1080 2114 et
1111 2077 1270 2124 captuiri
1300 2079 1431 2123 scripsi
1460 2080 1504 2121 cf.

170 2126 344 2161 Mnemos.
379 2128 478 2160 1896.
506 2130 573 2160 262
624 2126 839 2161 subactum
877 2126 904 2160 F
954 2125 1143 2161 subacturi
1181 2139 1208 2169 φ
1257 2124 1404 2169 capturi
1441 2124 1506 2168 Ftp

1456 2180 1488 2197 ΓΟ

170 2212 212 2242 17
246 2210 484 2242 conraserant
516 2208 579 2253 Ρφ
617 2210 863 2243 conuaserant
888 2210 911 2243 δ
948 2210 1208 2243 contraxerant
1238 2208 1279 2242 E.
1371 2211 1414 2241 19
1435 2180 1507 2241 pre—

170 2279 285 2313 deunt
305 2291 332 2323 φ
405 2264 486 2314 totai
510 2278 538 2311 F
610 2278 789 2313 hactenus
810 2279 936 2314 Rohde
952 2281 1060 2313 nocte
1080 2280 1157 2314 cdd.
1230 2282 1272 2312 22
1293 2280 1424 2313 tenosa
1444 2277 1506 2322 Fq)
1568 2287 1577 2317 ,¹

169 2329 213 2360 25
240 2325 467 2371 manipulus]
494 2325 694 2370 manipulis
721 2326 778 2360 Fe
814 2325 995 2370 manipuli
1022 2339 1049 2370 φ
1565 2333 1568 2340 ’
