1591 2556
117 111 172 151 66
683 107 811 142 LIBRI
836 108 885 142 ΠΙ
919 133 923 138 .

116 206 299 246 maxime
337 205 432 246 nisu
470 208 659 259 poteram
698 205 877 246 corollas
912 204 1170 258 adpetebam.
1240 204 1353 259 quod
1390 219 1457 246 me

117 265 302 318 pessima
346 264 508 305 scilicet
550 267 664 305 sorte
713 267 934 305 conantem
978 263 1172 304 seruulus
1213 277 1348 317 meus,
1389 263 1456 304 cui

121 338 287 378 semper
318 323 415 377 equi
447 338 547 364 cura
577 323 776 364 mandata
805 323 955 376 fuerat,
985 325 1157 376 repente
1183 322 1458 376 conspiciens,

118 383 363 437 indignatus
396 382 565 437 exurgit
596 385 637 423 et
669 382 768 436 ‘quo
800 396 934 435 usque
960 381 1145 422 tandem'
1177 381 1317 436 inquit
1348 381 1455 422 ‘can-

115 442 300 483 therium
320 441 531 495 patiemur
550 441 680 482 istum
700 440 826 494 paulo
847 443 943 481 ante
964 440 1132 481 cibariis
1158 440 1456 494 iumentorum,

118 515 230 542 nunc
256 501 383 541 etiam
409 499 647 541 simulacris
675 499 849 540 deorum
875 499 1105 540 infestum?
1139 499 1241 553 quin
1267 499 1350 540 iam
1377 512 1455 554 ego

117 561 247 601 istum
279 559 533 613 sacrilegum
565 558 746 600 debilem
778 557 1058 612 claudumque
1089 558 1275 599 reddam'
1308 560 1351 598 et
1376 560 1456 598 sta-

115 619 193 660 tim
226 619 359 659 telum
391 617 563 671 aliquod
596 617 850 672 quaeritans,
881 617 1037 658 fascem
1069 616 1284 671 lignorum
1316 620 1458 658 temere

115 678 336 731 (propter)
355 677 542 730 positum
563 676 739 717 offendit
757 677 1020 742 rimatusque
1033 675 1279 717 frondosum
1299 675 1456 716 fustem

116 736 278 777 cunctis
310 736 540 777 uastiorem
578 751 663 777 non
701 736 818 790 prius
850 735 1052 776 miseium
1084 749 1151 775 me
1183 734 1359 776 tundere
1391 734 1456 776 de-

114 795 198 849 siit,
223 809 357 861 ’quam
389 795 531 836 sonitu
557 794 798 836 uehementi
830 797 872 835 et
896 793 1014 849 largo
1042 793 1222 847 strepitu
1247 793 1458 847 percussis

117 854 268 908 ianuis,
288 854 453 908 trepido
481 854 608 895 etiam
634 868 803 895 rumore
828 853 1009 894 uiciniae
1036 852 1307 894 conclamatis
1331 852 1458 893 latro-

119 913 245 955 nibus
276 913 469 979 profugit
500 913 684 954 territus.
718 912 774 967 [p.
790 912 857 953 55.
871 912 940 966 E]
1001 910 1200 952 XXVIII.
1233 926 1310 953 nec
1340 925 1460 952 mora

119 987 214 1014 cum
258 972 299 1013 ui
343 972 564 1026 patefactis
606 971 779 1013 aedibus
830 971 981 1026 globus
1031 970 1243 1011 latronum
1293 970 1460 1011 inuadit

119 1031 260 1072 omnia
290 1034 333 1072 et
364 1030 534 1086 singula
565 1031 714 1072 domus
746 1030 936 1071 membra
967 1029 1102 1084 cingit
1133 1032 1295 1070 armata
1328 1029 1456 1070 factio

117 1094 159 1132 et
200 1090 371 1131 auxiliis
407 1090 507 1131 hinc
545 1090 641 1131 inde
680 1089 1004 1131 conuolantibus
1042 1088 1213 1130 obsistit
1245 1088 1459 1130 discursus

117 1149 298 1191 hostilis.
345 1149 485 1190 cuncti
512 1149 665 1204 gladiis
697 1152 739 1189 et
763 1148 926 1189 facibus
953 1148 1151 1188 instructi
1176 1150 1343 1188 noctem
1367 1146 1458 1187 illu-

117 1209 304 1263 minant3
330 1211 523 1249 coruscat
549 1208 592 1249 in
618 1207 791 1248 modum
818 1207 947 1248 ortiui
973 1206 1076 1248 solis
1101 1206 1213 1261 ignis
1239 1209 1281 1247 et
1300 1220 1457 1246 mucro.

116 1275 218 1309 tunc
242 1267 441 1308 horreum
469 1267 680 1321 quoddam
707 1266 810 1307 satis
837 1265 990 1307 ualidis
1017 1265 1212 1307 claustris
1234 1265 1458 1319 obseptum

117 1327 465 1380 obseratumque,
498 1326 611 1380 quod
642 1325 793 1367 mediis
825 1325 999 1366 aedibus
1032 1324 1312 1366 constitutum
1344 1323 1458 1378 gazis
1479 1341 1493 1364 ιι

118 1385 293 1427 Milonis
324 1386 465 1426 fuerat
495 1385 710 1438 refertum,
742 1384 959 1425 securibus
991 1383 1144 1424 ualidis
1170 1383 1359 1438 adgressi
1385 1382 1460 1423 dif-

119 1445 299 1486 findunt.
332 1459 416 1498 quo
427 1444 587 1498 passim
603 1443 768 1484 recluso
783 1446 894 1484 totas
910 1457 1010 1496 opes
1024 1441 1208 1484 euehunt
1221 1441 1461 1495 raptimque

122 1503 363 1545 constrictis
390 1503 565 1544 sarcinis
592 1502 749 1557 singuli
775 1502 1029 1556 partiuntur.
1080 1501 1153 1542 sed
1179 1500 1461 1556 gestaminum

122 1562 273 1604 modus
305 1577 529 1603 numerum
562 1561 813 1616 gerulonum
851 1560 1025 1601 excedit.
1087 1563 1189 1601 tunc
1221 1559 1462 1614 opulentiae

120 1622 276 1662 nimiae
314 1621 445 1662 nimio
491 1621 543 1661 ad
581 1623 790 1662 extremas
833 1620 985 1661 incitas
1030 1619 1199 1660 deducti
1240 1633 1318 1660 nos
1356 1618 1461 1659 duos

119 1681 260 1721 asinos
305 1683 346 1720 et
391 1695 546 1734 equum
589 1694 730 1721 meum
774 1678 1004 1733 productos
1049 1693 1069 1719 e
1114 1677 1282 1719 stabulo
1333 1691 1460 1731 quan—

118 1743 210 1780 tum
243 1742 385 1793 potest
417 1739 686 1793 grauioribus
724 1738 901 1779 sarcinis
941 1740 1117 1778 onerant
1148 1740 1189 1777 et
1227 1736 1351 1777 domo
1377 1735 1460 1776 iam

119 1813 253 1839 uacua
292 1798 503 1839 minantes
535 1797 698 1839 baculis
737 1797 914 1852 exigunt
951 1810 1120 1850 unoque
1159 1795 1208 1837 de
1246 1795 1372 1836 sociis
1410 1795 1461 1835 ad

208 1988 229 2018 8
262 1985 385 2028 querit
412 1984 480 2019 ans
502 1995 621 2018 emere
648 1983 675 2017 F
720 1983 864 2023 ῆ11ᾑα118
897 1985 1035 2018 temere
1063 1995 1089 2026 φ
1119 1983 1201 2026 (ans
1218 1984 1234 2015 t
1260 1993 1300 2015 m
1326 1982 1461 2015 lacwna

116 2033 279 2077 zmpleuit
304 2043 349 2066 m
362 2033 406 2075 r)
503 2031 642 2066 fascem
674 2031 860 2075 lignorum
893 2032 1032 2064 temere
1057 2028 1261 2074 (propter)
1296 2027 1461 2072 positum

115 2080 247 2124 scripsi
278 2080 322 2121 cf.
352 2082 430 2113 168
448 2082 491 2112 29
535 2080 674 2113 temere
712 2078 851 2112 fascem
887 2077 1073 2122 lignorum
1109 2075 1272 2121 positum
1309 2075 1348 2109 E.
1389 2085 1460 2119 pro

117 2126 332 2170 quaeritans
377 2127 399 2159 ὃ
409 2137 434 2170 g
492 2126 623 2160 habent
671 2136 852 2169 quaerens
896 2123 1078 2166 inuenire3
1123 2122 1287 2168 positum
1335 2133 1401 2156 om.
1436 2123 1460 2156 ὃ

117 2190 159 2220 14
192 2184 316 2240 ianuis
343 2184 499 2219 aedibus
526 2192 556 2226 φ
656 2187 698 2217 19
725 2184 921 2228 obseptum
946 2183 974 2217 F
1069 2186 1113 2218 22
1143 2181 1306 2216 euehunt
1330 2181 1460 2226 scripsi

114 2244 258 2279 uehunt
281 2244 359 2279 cdd.
385 2244 431 2286 cf.
459 2246 568 2285 61.1;
596 2246 710 2278 67.24
807 2246 852 2276 23
879 2241 1034 2286 singulis
1061 2242 1115 2285 dg
1192 2240 1388 2285 patiuntur
1412 2239 1458 2273 F²

115 2296 159 2326 25
185 2291 320 2326 incitas
347 2304 374 2335 φ
412 2292 531 2324 metas
557 2271 584 2323 F
616 2291 691 2334 (sed
715 2301 758 2324 m.
785 2301 850 2324 rw
877 2289 1070 2324 renouauit
1094 2289 1274 2322 euamclas
1307 2288 1457 2331 litteras)

115 2338 261 2373 methas
276 2339 298 2373 ὃ
311 2339 418 2374 aliter
430 2348 465 2372 se
478 2338 609 2372 habent
622 2341 676 2372 68
688 2340 836 2380 193162.
847 2340 890 2370 27
954 2340 996 2370 27
1011 2337 1185 2380 poterant
1204 2334 1384 2380 grauibus
1403 2334 1458 2378 ὃς

1478 751 1512 776 10

1478 1046 1514 1070 15

1481 1618 1575 1659 25'
