1591 2556
536 92 638 128 OAP.
664 82 1020 127 XXX1H4XXXV1
1364 92 1452 133 215

107 190 226 231 diues
257 192 301 230 et
336 189 513 230 iuuenis.
569 189 641 230 sed
674 187 895 243 prosapiae
927 188 1136 229 maiorum
1169 189 1306 243 gloria
1342 190 1451 230 male

107 251 230 290 utens
261 248 510 302 pollensque
541 247 798 288 factionibus
831 250 872 288 et
899 250 1050 288 cuncta
1073 247 1197 288 facile
1222 248 1380 289 faciens
1407 249 1451 289 in

105 307 293 361 ciuitate,
317 306 464 348 hostili
485 307 610 348 modo
631 306 761 348 uicini
781 307 921 347 tenuis
942 306 1185 347 incursabat
1204 308 1450 361 pauperiem

105 381 238 420 pecua
268 366 530 420 trucidando,
561 366 693 407 boues
719 365 939 420 abigendo,
971 366 1116 420 fruges
1142 365 1278 407 adhuc
1305 366 1448 407 imma-

39 438 85 464 .5
105 429 223 467 turas
267 425 508 466 obterendo
583 425 749 478 iamque
796 427 886 466 tota
928 424 1176 479 frugalitate
1220 425 1449 478 spoliatum

104 484 210 538 ipsis
250 484 378 526 etiam
419 484 602 539 glebulis
643 484 922 525 exterminare
964 483 1174 538 gestiebat
1214 484 1448 539 finiumque

103 543 219 584 inani
256 546 469 584 commota
507 543 751 597 quaestione
784 545 941 584 terram
979 545 1115 584 totam
1150 543 1232 584 sibi
1264 543 1448 585 uindica-

102 602 186 643 bat.
248 605 351 644 tunc
389 603 586 658 agrestis,
622 602 886 643 uerecundus
924 601 1131 656 alioquin,
1173 602 1352 643 auaritia
1390 603 1447 644 di-

3 708 4 711 *
102 661 204 702 uitis
236 662 320 702 iam
353 663 470 715 <fere
499 661 713 713 omnibus>
754 661 980 716 spoliatus,
1017 663 1065 701 ut
1096 676 1173 702 suo
1206 661 1356 702 saltem
1389 677 1448 703 se—

3 713 5 772 J
51 734 84 760 10
102 720 282 774 pulchro
313 724 535 775 paternum
568 720 769 761 retineret
796 720 946 774 solum,
979 720 1136 761 amicos
1162 720 1369 774 plurimos
1397 722 1448 762 ad

2 773 4 787 ‘
103 779 505 821 demonstrationem
545 779 695 820 finium
739 780 955 833 trepidans
1000 779 1153 820 eximie
1192 784 1447 834 corrogarat.

102 839 276 880 aderant
301 839 412 880 inter
437 839 542 880 alios
568 842 654 879 tres
681 839 745 880 illi
770 840 923 880 fratres
950 838 1140 879 cladibus
1168 839 1291 879 amici
1319 854 1445 893 quan-

101 897 239 939 tulum
272 897 523 952 quantulum
554 898 738 939 ferentes
771 898 988 939 auxilium.
1050 896 1247 938 XXXVI.
1280 913 1355 939 nec
1386 902 1445 939 ta-

100 971 197 998 men
235 957 305 998 ille
344 972 550 998 uaesanus
589 957 805 998 tantillum
846 957 1086 1011 praesentia
1122 956 1355 997 multorum
1392 959 1445 999 ci-

0 1029 2 1042 ·
46 1026 80 1055 15
100 1015 217 1057 uium
256 1017 430 1057 territus
467 1016 539 1057 uel
579 1016 707 1057 etiam
748 1016 968 1069 confusus,
1010 1016 1109 1057 licet
1148 1031 1234 1057 non
1271 1017 1445 1071 rapinis,

99 1074 249 1115 saltem
281 1075 423 1116 uerbis
455 1078 690 1129 temperare
721 1075 860 1116 uoluit
892 1075 977 1129 sed,
1008 1075 1094 1116 illis
1121 1075 1350 1116 clementer
1376 1091 1442 1117 ex-

97 1134 413 1187 postulantibus
438 1134 708 1189 feruidosque
735 1135 825 1175 eius
850 1149 990 1175 mores
1015 1134 1234 1174 blanditiis
1260 1135 1443 1190 permul-

97 1192 307 1247 centibus,
351 1196 522 1247 repente
566 1208 685 1234 suam
726 1208 984 1247 suorumque
1026 1208 1219 1234 carorum
1260 1193 1442 1235 salutem

97 1266 223 1305 quam
256 1252 521 1294 sanctissime
554 1253 751 1293 adiurans
784 1252 1004 1293 adseuerat
1035 1252 1157 1306 parui
1190 1268 1233 1293 se
1260 1253 1441 1306 pendere

42 1324 77 1349 20
97 1313 162 1351 tot
201 1311 481 1352 mediatorum
522 1312 822 1365 praesentiam,
867 1312 1047 1365 denique
1089 1311 1278 1352 uicinum
1320 1312 1442 1354 illum

97 1370 296 1411 auriculis
329 1385 404 1424 per
435 1385 534 1411 suos
567 1371 759 1412 seruulos
792 1371 1008 1411 sublatum
1041 1371 1090 1411 de
1118 1370 1260 1411 casula
1285 1371 1442 1425 longis-

95 1429 201 1470 sime
232 1430 461 1484 statimque
493 1430 728 1483 proiectum
766 1430 831 1470 iri.
893 1444 976 1483 quo
1015 1430 1128 1470 dicto
1167 1430 1347 1485 insignis
1380 1432 1438 1472 in-

96 1487 286 1542 dignatio
318 1491 433 1530 totos
465 1489 727 1530 audientium
765 1489 1070 1543 pei-temptauit
1102 1489 1277 1530 animos.
1340 1493 1441 1532 tunc

95 1561 204 1587 unus
236 1562 257 1588 e
289 1548 426 1588 tribus
463 1548 667 1589 fratribus
704 1548 998 1589 incunctanter
1030 1551 1072 1588 et
1103 1548 1230 1602 paulo
1263 1548 1440 1590 liberius

41 1618 75 1644 25
95 1606 325 1661 respondit,
356 1606 516 1648 frustra
547 1622 643 1648 eum
675 1607 763 1648 suis
796 1607 948 1661 opibus
981 1607 1187 1648 confisum
1220 1609 1441 1661 tyrannica

95 1665 293 1718 superbia
324 1666 584 1720 comminari,
617 1681 712 1708 cum
739 1666 928 1720 alioquin
953 1681 1159 1720 pauperes
1185 1667 1313 1707 etiam
1338 1667 1439 1709 libe-

95 1723 174 1764 rali
204 1724 348 1778 legum
380 1725 589 1778 praesidio
623 1725 672 1766 de
705 1725 932 1766 insolentia
962 1725 1241 1779 locupletium
1268 1741 1438 1767 consue-

94 1783 235 1823 uerint
271 1783 490 1824 uindicari.
553 1784 667 1838 quod
708 1784 847 1825 oleum
888 1785 1094 1838 flammae,
1136 1785 1249 1838 quod
1290 1785 1440 1840 sulpur

94 1842 299 1896 incendio,
332 1843 445 1896 quod
476 1843 692 1897 flagellum
712 1842 876 1897 Furiae,
906 1843 988 1885 hoc
1013 1846 1056 1884 et
1081 1844 1162 1884 iste
1188 1858 1326 1885 sermo
1352 1848 1438 1886 tru-

4 401 11 499 mss«
5 154 13 390 m-Q-
8 138 9 146 ⁴

183 1996 201 2027 1
223 1995 260 2028 et
279 1993 435 2028 iuuenis
464 1994 528 2028 sed
547 1994 745 2038 prosapiae
761 1994 931 2039 S(auppe)
962 1997 1000 2029 et
1018 1994 1165 2029 iuuenis
1185 1997 1222 2029 et
1241 1995 1436 2040 prosapiae

91 2041 170 2075 cdd
215 2042 253 2075 et
290 2040 563 2087 (splendidae)
596 2041 803 2086 prosapiae.
844 2041 961 2089 <hic>
998 2041 1181 2076 maiorum
1219 2043 1343 2077 Rohde
1380 2044 1435 2077 cll

95 2090 237 2122 135.13
352 2092 371 2122 2
403 2088 548 2133 pollens
580 2088 644 2132 qui
676 2089 765 2124 Bsn
881 2094 901 2124 9
934 2089 1037 2136 <fere
1070 2089 1270 2136 omnibus>
1297 2091 1355 2124 uel
1388 2092 1435 2124 31-

91 2134 174 2168 mile
209 2136 352 2180 aliqum
387 2137 558 2170 excidisse
589 2137 735 2171 uidetur
856 2140 898 2171 13
931 2138 1083 2172 alterum
1115 2136 1337 2180 quantulum
1369 2138 1433 2171 del

91 2182 132 2215 in
163 2180 191 2214 F
228 2193 292 2216 om.
320 2183 344 2216 δ
488 2187 530 2216 16
575 2182 695 2217 uoluit
734 2184 863 2228 scripsi
898 2195 978 2219 cum
1013 2197 1040 2228 φ
1078 2189 1111 2219 et
1147 2185 1170 2218 δ
1212 2186 1256 2226 cf.
1292 2188 1369 2217 161.
1391 2188 1435 2218 20

92 2232 125 2262 et
150 2229 240 2263 Koz.
267 2229 338 2264 Stil
363 2234 429 2264 321
458 2230 556 2265 Adra.
593 2229 716 2264 noluit
741 2229 822 2265 FE.
921 2235 963 2265 ‘21
993 2231 1170 2265 auriculis
1196 2233 1241 2273 ef.
1264 2230 1353 2265 Luc.
1370 2231 1432 2265 As.

93 2279 159 2310 625
184 2277 249 2356 ssbi
272 2281 361 2311 reete
385 2277 500 2311 Kron.
527 2283 599 2311 τῶν
625 2276 725 2311 ὤτων
750 2279 873 2313 scribit
898 2289 964 2322 pro
991 2284 1064 2313 τῶν
1092 2279 1216 2312 ’νώτων
1291 2281 1333 2311 28
1361 2277 1435 2312 sul-

91 2335 160 2368 pur
