1591 2556
152 99 233 140 198
692 97 820 133 LIBRI
845 98 947 132 VIIII

148 195 292 249 hiulci,
330 197 501 249 pectora
532 194 706 248 copulae
738 197 928 249 sparteae
961 194 1113 235 tritura
1145 193 1344 235 continua
1375 192 1488 235 exul-

149 254 290 309 cerati,
321 256 459 295 costas
492 256 694 307 perpetua
726 254 1002 309 castigatione
1034 252 1191 294 ossium
1219 255 1342 294 tenus
1368 266 1487 294 renu-

149 314 246 367 dati,
278 313 458 368 ungulas
490 312 686 353 multiuia
718 312 1071 354 circumcursione
1097 311 1140 352 in
1167 326 1336 353 enorme
1362 311 1487 353 uesti-

149 373 266 427 gium
298 371 481 426 porreeti
506 374 728 426 totumque
758 372 918 412 corium
944 374 1118 412 ueterno
1145 373 1271 425 atque
1297 370 1489 411 scabiosa

149 431 282 473 macie
315 430 561 485 exasperati.
624 431 722 472 talis
759 431 944 471 familiae
975 430 1191 471 funestum
1223 429 1328 470 mihi
1360 429 1489 470 etiam
1525 444 1540 469 5

148 494 340 532 metuens
382 489 621 543 exemplum
662 490 902 544 ueterisque
938 488 1060 530 Lucii
1099 488 1314 530 fortunam
1354 502 1488 529 recor-

150 550 272 590 (latus
306 552 347 589 et
379 549 431 589 ad
461 548 655 589 ultimam
683 549 831 590 salutis
857 550 1013 589 metam
1040 548 1235 589 detrusus
1262 547 1488 588 summisso

148 609 284 661 capite
316 607 564 649 maerebam.
627 622 703 649 nec
733 607 868 649 ullum
906 607 1071 661 uspiam
1104 605 1343 648 cruciabilis
1374 606 1488 647 uitae

148 667 351 708 solacium
390 666 551 720 aderat,
591 666 673 708 nisi
715 667 827 721 quod
868 666 1058 721 ingenita
1097 665 1202 706 mihi
1244 665 1488 706 curiositate

147 726 366 767 recreabar
391 725 491 766 dum
517 726 799 780 praesentiam
824 740 960 766 meam
986 724 1104 779 parui
1132 724 1334 765 facientes
1357 723 1489 765 libere
1509 739 1543 764 ιο

149 800 255 839 quae
287 785 438 826 uolunt
471 800 615 825 omnes
649 788 690 826 et
723 785 779 839 [p.
799 784 974 838 163.E.]
1008 786 1140 838 agunt
1172 786 1214 824 et
1243 783 1487 837 loquuntur.

147 859 222 885 nec
271 844 469 885 inmerito
518 844 680 898 priscae
730 844 920 897 poeticae
965 843 1134 884 diuinus
1183 845 1329 884 auctor
1377 841 1489 896 apud

149 903 299 944 Graios
341 918 530 944 summae
570 902 817 956 prudentiae
858 903 998 943 uirum
1038 904 1274 943 monstrare
1316 901 1489 955 cupiens

149 962 379 1003 multarum
412 962 634 1003 ciuitatum
667 961 786 1002 obitu
818 964 859 1003 et
890 961 1105 1002 uariorum
1137 960 1391 1015 populorum
1423 974 1488 1001 co-

148 1021 269 1075 gnitu
301 1035 487 1062 summas
520 1020 719 1074 adeptum
757 1020 938 1061 uirtutes
971 1020 1132 1061 cecinit.
1194 1034 1291 1060 nam
1324 1022 1366 1060 et
1398 1019 1487 1073 ipse
1508 1032 1542 1057 15

149 1083 291 1134 gratas
324 1080 483 1134 gratias
521 1079 639 1120 asino
671 1093 765 1120 meo
803 1079 994 1132 memini,
1033 1079 1146 1133 quod
1177 1093 1243 1120 me
1275 1092 1352 1119 suo
1385 1077 1488 1119 cela-

148 1143 238 1180 tum
270 1138 457 1193 tegmine
476 1138 691 1192 uariisque
717 1138 900 1179 fortunis
928 1137 1216 1191 exercitatum,
1242 1137 1322 1178 etsi
1347 1137 1489 1178 minus

148 1198 415 1252 prudentem,
452 1198 550 1251 <at>
581 1197 842 1238 multiscium
875 1196 1068 1238 reddidit.
1129 1194 1269 1237 XIIII.
1300 1195 1487 1237 fabulam

148 1257 327 1311 denique
357 1256 512 1297 bonam
544 1257 635 1310 <et>
673 1271 773 1310 prae
805 1256 954 1297 ceteris
987 1270 1159 1297 suauem
1193 1258 1402 1309 compertu
1436 1255 1488 1296 ad

148 1331 268 1357 aures
300 1318 464 1357 uestras
497 1315 658 1356 adferre
691 1315 857 1356 decreui
888 1318 930 1356 et
961 1329 1013 1356 en
1045 1314 1216 1368 occipio.
1508 1328 1542 1353 -20
1584 1315 1585 1325 ¹

233 1375 377 1416 Pistor
408 1374 479 1415 ille
512 1375 585 1429 qui
616 1389 682 1415 me
714 1374 850 1428 pretio
878 1389 1001 1415 suum
1027 1374 1195 1427 fecerat,
1225 1373 1362 1414 bonus
1388 1372 1486 1414 alio-

148 1434 250 1488 quin
269 1434 336 1474 uir
356 1436 397 1475 et
417 1434 605 1487 adprime
625 1433 854 1487 modestus,
880 1433 1106 1487 pessimam
1132 1435 1174 1474 et
1193 1434 1289 1473 ante
1316 1434 1488 1473 cunctas

147 1493 344 1534 mulieres
381 1493 507 1547 longe
546 1492 814 1533 deterrimam
852 1492 1029 1533 sortitus
1068 1492 1292 1546 coniugam
1331 1505 1488 1544 poenas

148 1555 356 1594 extremas
382 1552 466 1592 tori
485 1551 670 1605 larisque
691 1551 938 1605 sustinebat,
957 1553 1005 1591 ut
1024 1550 1216 1592 hercules
1237 1550 1326 1591 eius
1350 1550 1487 1591 uicem

147 1625 224 1666 ego
246 1625 413 1665 quoque
440 1610 594 1651 tacitus
619 1610 861 1664 frequenter
886 1610 1225 1664 ingemescerem.
1275 1623 1351 1650 nec
1375 1609 1486 1650 enim
1507 1622 1540 1647 25

148 1670 216 1711 uel
246 1684 378 1710 unum
411 1669 563 1710 uitium
596 1669 878 1723 nequissimae
916 1669 979 1710 illi
1017 1668 1197 1710 feminae
1235 1668 1376 1710 deerat
1413 1668 1488 1709 sed

148 1729 289 1770 omnia
326 1743 516 1783 prorsus,
548 1731 596 1769 ut
628 1728 670 1769 in
703 1728 913 1782 quandam
954 1742 1173 1769 caenosam
1213 1727 1410 1768 latrinam
1442 1727 1486 1768 in

147 1789 237 1829 eius
268 1788 456 1828 animum
483 1788 645 1842 flagitia
671 1787 976 1828 confluxerant:
1009 1802 1134 1828 saeua
1160 1801 1319 1840 scaeua,
1344 1786 1487 1827 uirosa

148 1848 324 1901 ebriosa,
363 1847 563 1901 peruicax
594 1846 806 1900 pertinax,
839 1846 882 1886 in
919 1846 1078 1900 rapinis
1115 1846 1311 1899 turpibus
1348 1859 1485 1899 auara,

148 1907 190 1946 in
225 1906 466 1960 sumptibus
498 1905 631 1946 foedis
664 1905 853 1959 profusa,
892 1905 1062 1946 inimica
1092 1905 1208 1959 fidei,
1244 1904 1380 1946 hostis
1413 1919 1484 1960 pu-
1505 1916 1540 1942 30
1584 1934 1585 1949 1

242 2073 263 2102 4
289 2070 441 2102 ueterno
469 2082 495 2111 φ
535 2070 688 2102 ueterna
714 2067 772 2102 Fa
871 2071 889 2101 7
915 2067 1127 2102 metandem
1152 2069 1211 2101 tru
1238 2068 1431 2103 summisso
1458 2069 1486 2103 F

148 2126 206 2150 me
244 2115 396 2149 tandem
433 2117 576 2149 trusum
613 2114 725 2149 misso
765 2123 794 2157 φ
845 2125 902 2149 me
940 2114 1093 2149 tandem
1129 2125 1210 2148 crus
1245 2114 1427 2151 submisso
1463 2117 1486 2150 δ

150 2166 193 2196 13
218 2162 400 2207 prudente
425 2162 507 2205 F¹cp
592 2166 634 2196 18
661 2161 757 2208 <at>
783 2163 922 2197 inserui
1004 2165 1046 2196 19
1073 2161 1167 2208 <et>
1193 2162 1331 2197 mser-ui
1403 2174 1486 2198 sua-

148 2220 232 2244 uem
262 2210 391 2254 scripsi
439 2219 552 2243 suaue
584 2210 662 2244 cdd.
784 2211 973 2253 compertu
1008 2209 1137 2253 scripsi
1185 2210 1370 2253 comptam
1405 2210 1485 2246 cdd.

149 2282 376 2325 compertam
402 2280 501 2315 Colu.
599 2283 642 2313 28
674 2263 798 2315 uirdsa
824 2279 868 2323 Ἐς
903 2280 1058 2324 Apuleio
1083 2280 1233 2325 dignum
1262 2280 1337 2323 fuit
1361 2280 1485 2315 uirosa

148 2327 279 2362 uinosa
305 2329 400 2373 quod
423 2328 586 2362 habuisse
612 2327 747 2362 dicitur
772 2328 859 2362 liber
886 2327 1067 2362 Fusrensis
