1539 2556
87 77 191 112 XIIII
615 75 900 111 PRAEFATIO.

87 178 134 215 de
167 189 213 215 ea
239 189 280 214 re
309 189 355 214 ex
377 176 475 226 ipsis
507 176 819 214 correctionibus
851 177 920 214 uix
946 176 1044 214 certi
1076 176 1294 226 quicquam
1327 175 1433 213 effici

87 237 193 274 licet.
238 235 338 273 Cum
369 248 464 274 uero
497 235 566 273 uix
597 235 772 273 dubitari
802 236 940 286 possit,
972 235 1068 284 quin
1099 229 1434 286 supplemental),

89 295 234 345 quibus
272 306 413 332 manus
450 294 648 332 recentior
678 295 841 332 lacunas
872 295 982 342 illas,
1021 306 1123 343 quae
1155 293 1251 332 folio
1287 295 1370 331 160
1400 293 1433 330 F

86 366 157 403 pro
201 356 316 403 parte
361 351 549 391 mutilato
588 353 810 402 extiterint,
848 353 1108 402 compleuerit
1144 353 1264 391 tertio
1305 352 1432 390 codici

88 413 322 451 ascribenda
354 413 445 463 sint,
477 412 547 462 qui
577 412 748 450 fortasse
774 415 909 450 tamen
941 415 982 449 et
1011 412 1096 460 ipse
1122 424 1169 449 ex
1192 411 1223 449 F
1254 411 1432 449 nondum

85 472 273 510 mutilato
318 474 503 509 exaratus
548 471 617 520 sit,
661 471 759 508 nihil
800 470 968 519 impedit
1011 471 1221 519 quominus
1266 473 1306 508 et
1346 482 1430 508 cor-

86 534 216 569 rector
253 546 283 580 φ
321 531 395 568 tali
439 530 587 568 auxilio
626 529 679 567 sit
715 542 823 567 usus.
881 529 955 567 Est
992 532 1127 566 autem
1165 528 1432 567 confitendum

87 590 262 628 codicem
282 590 455 627 alterum
480 602 527 626 ex
545 589 577 625 F
603 589 846 638 descriptum
871 588 913 625 in
939 601 985 625 ea
1009 601 1051 626 re
1076 589 1144 625 uix
1168 588 1292 625 ullius
1317 588 1431 626 utili-

85 649 181 687 tatis
212 650 396 686 futurum
427 648 568 697 fuisse,
599 660 671 685 nec
701 661 780 686 non
811 648 1021 697 plerasque
1061 647 1323 685 correctiones
1354 647 1430 685 lec-

85 708 206 746 tionis
231 708 263 744 F
290 710 330 745 et
355 707 573 756 scripturas
600 706 648 743 ab
667 707 698 744 F
730 707 938 744 deuiantes
959 706 1079 744 etiam
1106 706 1189 743 sine
1208 706 1304 744 noui
1323 705 1428 744 codi-

86 767 141 804 cis
172 779 250 804 usu
280 767 396 804 facile
429 766 629 815 explicari.
676 765 825 815 Igitur,
864 766 897 803 si
927 778 1005 803 non
1043 767 1224 803 extarent
1262 765 1430 802 lacunae

85 826 178 863 libri
197 825 296 863 VIII
321 824 712 874 Metamorphoseon,
744 837 846 874 quae
872 837 1000 874 neque
1029 837 1075 862 ex
1099 824 1130 861 F
1162 824 1312 873 expleri
1338 835 1429 873 pos-

86 887 185 935 sent,
212 897 341 934 neque
369 884 563 922 eiusmodi
589 884 680 931 sint,
706 887 752 922 ut
778 884 1055 933 supplementa
1081 896 1128 921 ex
1156 882 1316 932 ingenio
1343 894 1428 920 cor-

84 944 250 982 rectoris
291 943 458 981 oriunda
496 955 580 981 esse
611 943 842 993 uideantur,
874 943 991 980 facile
1030 942 1289 992 crederemus,
1321 941 1429 991 quod

87 1005 126 1041 et
157 1003 338 1052 Beytius,
371 1002 570 1052 Apologia
601 1002 724 1052 nisus,
757 1002 942 1051 opinatus
974 1004 1044 1052 est,
1075 1014 1204 1050 neque
1236 1001 1278 1038 in
1309 1000 1429 1038 corri-

86 1062 214 1112 gendo
253 1062 302 1111 F,
342 1074 470 1111 neque
508 1062 549 1098 in
587 1061 817 1111 corrigendo
857 1075 886 1109 φ
923 1061 1089 1098 tertium
1127 1060 1301 1099 codicem
1342 1071 1427 1097 esse

87 1121 322 1159 adhibitum.
381 1120 531 1165 Quodsi
561 1133 657 1158 uero
690 1120 896 1157 credamus
927 1120 1092 1157 tertium
1123 1119 1237 1156 illum
1268 1118 1428 1168 librum,

87 1193 165 1230 quo
204 1192 335 1217 carere
373 1192 453 1217 non
488 1180 703 1229 possimus,
736 1191 782 1216 ex
812 1179 843 1215 F
882 1181 973 1216 ante
1011 1178 1306 1215 mutilationem
1342 1189 1427 1215 esse

87 1239 365 1288 exemplatum,
392 1250 526 1276 omnes
553 1239 838 1276 alleuabuntur
863 1237 1132 1275 difficultates.
1170 1236 1305 1286 Atque
1330 1236 1428 1273 haec

86 1298 284 1336 sententia
316 1297 541 1335 affirmatur
571 1297 664 1347 illis,
696 1309 798 1346 quae
825 1297 910 1334 loco
936 1297 1124 1334 lacunoso
1154 1297 1248 1334 170.
1272 1297 1324 1333 10
1355 1307 1428 1344 pro

85 1357 344 1395 fundamento
376 1369 473 1394 usus
506 1356 686 1394 euincere
719 1369 804 1394 sum
838 1358 1004 1393 conatus
1032 1357 1286 1404 Mnemosyne
1314 1354 1426 1392 1896

84 1430 122 1466 p.
146 1418 225 1454 217
249 1429 304 1466 sq.
359 1416 541 1465 Denique
581 1416 700 1452 etiam
739 1415 779 1452 in
812 1429 841 1463 φ
880 1427 1021 1452 manus
1058 1426 1193 1452 recens
1232 1412 1428 1462 quaedam

87 1475 316 1513 emendauit
354 1477 394 1512 et
431 1474 632 1523 ascripsit,
670 1486 740 1511 nec
784 1487 861 1511 non
899 1473 1150 1522 paucissimis
1189 1471 1427 1521 quibusdam

85 1533 181 1572 locis
213 1534 405 1584 leguntur
434 1533 637 1583 quaedam,
671 1545 772 1582 quae
806 1533 894 1582 quis
925 1532 1045 1569 uiridi
1076 1543 1172 1570 usus
1197 1532 1326 1569 colore
1359 1530 1425 1568 ad-

85 1593 224 1642 pinxit.
267 1593 406 1641 Neque
440 1592 704 1630 omittendum
731 1596 790 1629 est
820 1592 861 1628 in
886 1591 1065 1641 margine
1092 1605 1122 1639 φ
1154 1603 1276 1628 11131111
1299 1589 1428 1628 nitida

85 1652 320 1690 minusculis
353 1651 558 1700 complura
590 1651 786 1688 uocabula
813 1653 853 1688 et
884 1650 1044 1688 nomina
1074 1649 1236 1699 propria
1261 1661 1281 1686 e
1312 1650 1427 1686 textu

87 1723 170 1749 esse
202 1711 391 1760 repetita,
424 1722 526 1759 quae
557 1722 652 1748 uero
686 1711 735 1747 ad
768 1710 1003 1758 scripturam
1042 1711 1192 1747 rectam
1222 1707 1426 1745 inuenien-

86 1770 177 1807 dam
196 1770 347 1807 nullius
367 1772 461 1807 sunt
480 1769 680 1807 momenti.
714 1768 777 1806 Sic
798 1769 863 1806 fol.
878 1770 931 1806 43
947 1781 976 1806 r.
997 1762 1114 1819 (167.
1131 1762 1206 1818 20)
1225 1766 1426 1815 ascripsit:

85 1831 268 1875 νανθεΐὲας
309 1830 362 1866 24
387 1830 613 1876 126722'332'17263
655 1830 706 1865 27
739 1828 876 1874 funus,
916 1829 968 1866 29
1005 1827 1240 1876 ΤΙιανεὶἶῖαες
1284 1826 1377 1864 168.
1399 1826 1423 1863 5

85 1890 197 1937 ciere,
233 1890 284 1926 17
320 1888 535 1936 Thasiam,
570 1889 622 1924 24
654 1888 818 1936 hyllaro,
854 1888 948 1925 169.
971 1888 993 1924 5
1017 1888 1124 1933 pcitc
1154 1898 1244 1922 cum
1268 1883 1425 1922 notula:

84 1948 200 1985 ualde
212 1949 381 1994 permote
403 1947 696 1995 zcell.n·0uocctte;
731 1948 783 1983 10
806 1945 978 1995 ί-Ἰιανὶΐες
1007 1948 1058 1982 12
1081 1945 1192 1994 ἀίαἶὶς
1227 1945 1278 1982 15
1303 1943 1424 1979 Thar-

86 2007 196 2044 sillus
228 2007 287 2057 (in
318 2008 451 2043 textu:
484 2001 666 2057 thar-silli)
698 2007 770 2043 cet.

174 2065 284 2103 Inter
321 2065 500 2102 diuersos
539 2066 780 2102 correctores
811 2063 841 2101 F
875 2066 914 2101 et
947 2078 994 2113 φ,
1031 2065 1077 2100 ut
1114 2063 1154 2099 in
1184 2073 1226 2098 re
1257 2060 1424 2111 lubrica,

182 2166 215 2209 1)
248 2165 292 2199 cf.
320 2175 414 2208 quae
450 2164 581 2208 scripsi
611 2164 850 2208 Mnemosyne
879 2167 969 2197 1895
1000 2175 1034 2207 p.
1058 2166 1134 2196 179.
1184 2161 1353 2195 Lacunas
1383 2159 1424 2193 in

85 2211 272 2258 Apologia
297 2212 462 2256 expletas
489 2211 536 2245 ab
565 2210 626 2255 φῖ,
660 2222 751 2255 quas
778 2212 944 2245 recenset
968 2209 1121 2254 Beytius
1146 2221 1180 2253 p.
1202 2212 1247 2242 34
1272 2209 1367 2242 Ann.
1390 2212 1422 2251 1,

87 2262 173 2294 sunt
196 2270 325 2294 reuera
351 2258 535 2293 uocabula
561 2269 681 2293 errore
704 2257 846 2293 scribae
873 2272 900 2302 φ
928 2257 1063 2292 omissa
1089 2258 1126 2291 et
1151 2255 1229 2290 siue
1256 2255 1304 2290 ab
1329 2254 1422 2299 ipso,

87 2307 165 2342 siue
192 2307 239 2342 ab
266 2306 340 2341 alio
367 2318 411 2341 ex
436 2306 463 2339 F
489 2305 658 2350 repetita.
