1591 2556
72 741 108 766 10

7 1019 107 1061 *15

72 1331 107 1356 20

72 1625 107 1650 25

70 1919 107 1945 30

653 97 753 133 ΟΑΡ.
780 92 947 131 X—XIII
1387 98 1470 139 261

127 207 246 247 ansa,
284 207 410 247 quam
444 196 637 236 contorto
669 192 827 234 nodulo
866 193 1166 247 supersedebat
1198 194 1312 248 aspis
1350 210 1472 249 squa-

126 266 244 293 meae
276 253 453 294 ceruicis
485 253 636 294 striato
668 255 833 293 tumore
866 252 1072 293 sublimis.

214 309 309 352 ΧΠ.
339 311 400 352 Et
425 326 519 353 ecce
543 310 879 366 praesentissimi
904 312 1091 352 numinis
1116 311 1327 365 promissa
1348 313 1472 353 nobis

128 370 332 411 accedunt
362 370 567 412 beneficia
597 373 640 412 et
669 370 758 411 fata
788 369 1052 425 salutemque
1079 371 1215 425 ipsam
1241 385 1379 411 meam
1405 385 1473 425 ge—

126 443 224 470 rens
254 430 449 471 sacerdos
481 430 804 484 adpropinquat,
836 429 888 470 ad
913 429 1053 483 ipsum
1078 430 1387 484 praescriptum
1414 431 1473 471 di-

127 488 250 528 uinae
281 489 577 541 promissionis
614 491 810 530 ornatum
842 488 1015 529 dextera
1045 489 1264 543 proferens
1297 488 1472 529 sistrum

128 547 239 601 deae,
270 547 376 588 mihi
409 563 607 589 coronam
639 550 682 589 et
710 547 904 588 hercules
932 562 1129 588 coronam
1156 550 1473 602 consequenter,

128 606 241 660 quod
280 608 346 647 tot
386 621 434 648 ac
473 607 604 648 tantis
644 606 875 648 exanclatis
911 606 1149 660 laboribus,
1188 610 1255 648 tot
1292 607 1474 648 emensis

126 664 327 731 periculis
361 666 461 707 deae
498 667 706 707 maximae
743 665 1013 720 prouidentia
1050 666 1335 707 adluctantem
1367 665 1474 707 mihi

127 724 373 766 saeuissime
416 725 648 766 Fortunam
693 740 945 779 superarem.
1007 740 1083 766 nec
1133 728 1275 766 tamen
1319 725 1473 780 gaudio

127 783 334 824 subitario
367 787 603 825 commotus
635 784 879 825 inclementi
910 798 977 825 me
1009 799 1135 825 cursu
1165 784 1371 838 proripui,
1405 799 1473 825 ue-

126 857 223 883 rens
255 842 417 884 scilicet
441 859 494 884 ne
519 844 740 898 repentino
768 843 1039 897 quadripedis
1065 844 1228 897 impetu
1253 843 1474 897 religionis

127 902 295 955 quietus
335 902 580 943 turbaretur
620 902 740 957 ordo,
783 902 858 943 sed
896 902 1062 956 placido
1102 917 1149 943 ac
1186 917 1361 956 prorsus
1398 902 1473 943 hu-

126 975 250 1001 mano
283 961 416 1015 gradu
448 961 770 1003 cunctabundus
801 961 1006 1015 paulatim
1040 961 1259 1015 obliquato
1287 976 1475 1015 corpore,

126 1034 226 1061 sane
246 1019 453 1061 diuinitus
473 1021 698 1062 decedente
717 1020 889 1074 populo,
909 1020 1067 1061 sensim
1088 1021 1246 1074 inrepo.
1292 1019 1409 1061 XIII.
1431 1023 1474 1060 at

125 1079 320 1120 sacerdos
352 1082 401 1120 ut
431 1094 577 1133 reapse
610 1094 864 1134 cognoscere
894 1080 1028 1133 potui,
1060 1080 1258 1120 nocturni
1290 1094 1474 1120 commo-

125 1137 317 1178 nefactus
349 1138 508 1179 oraculi
534 1139 798 1192 miratusque
824 1138 1145 1193 congruentiam
1170 1138 1359 1179 mandati
1385 1153 1474 1179 mu-

125 1196 238 1237 neris
279 1197 503 1238 confestim
545 1198 705 1239 restitit
746 1200 788 1238 et
825 1197 939 1238 ultro
977 1201 1172 1251 porrecta
1211 1197 1383 1239 dextera
1420 1198 1473 1239 ob

126 1270 173 1296 os
214 1256 354 1309 ipsum
394 1271 536 1298 meum
578 1271 775 1297 coronam
818 1256 1023 1297 exhibuit.
1086 1259 1187 1297 tunc
1228 1271 1306 1311 ego
1347 1257 1475 1310 trepi-

128 1314 244 1369 dans,
271 1315 445 1356 adsiduo
472 1315 599 1369 pulsu
625 1316 798 1356 micanti
826 1316 962 1370 corde,
995 1330 1206 1370 coronam,
1233 1330 1339 1370 quae
1364 1316 1475 1357 rosis

126 1374 315 1414 amoenis
348 1374 511 1415 intexta
541 1374 799 1429 fulgurabat,
830 1375 954 1415 auido
987 1389 1057 1416 ore
1090 1378 1330 1429 susceptam
1363 1375 1476 1428 cupi-

127 1432 291 1474 dissime
323 1433 536 1474 deuoraui.
599 1448 675 1474 nec
706 1448 773 1474 me
811 1433 965 1474 fefellit
996 1433 1174 1475 caeleste
1205 1434 1475 1488 promissum.

124 1491 320 1545 protinus
357 1491 464 1533 mihi
502 1492 714 1533 delabitur
752 1492 953 1534 deformis
987 1495 1028 1533 et
1059 1493 1195 1534 ferina
1225 1493 1364 1534 facies.
1428 1507 1476 1534 ac

124 1550 262 1604 primo
304 1551 474 1605 quidem
512 1551 710 1606 squalens
748 1551 861 1605 pilus
901 1551 1047 1593 defluit
1089 1567 1136 1593 ac
1175 1551 1327 1593 dehinc
1366 1552 1477 1592 cutis

128 1623 268 1650 crassa
300 1609 357 1664 [p.
379 1610 476 1651 213.
495 1610 565 1664 E]
598 1613 815 1665 tenuatur,
847 1613 996 1652 uenter
1028 1611 1182 1652 obesus
1214 1611 1376 1665 residit,
1406 1625 1475 1665 pe—

127 1668 227 1709 dum
258 1668 427 1722 plantae
452 1684 528 1723 per
553 1670 735 1725 ungulas
760 1670 805 1711 in
832 1670 990 1725 digitos
1016 1673 1182 1724 exeunt,
1213 1685 1364 1711 manus
1390 1684 1477 1710 non

124 1727 209 1768 iam
240 1728 367 1781 pedes
400 1730 500 1769 sunt
538 1729 610 1769 sed
642 1729 685 1769 in
718 1731 858 1770 erecta
887 1729 1166 1783 porriguntur
1198 1729 1351 1783 officia,
1389 1743 1474 1770 cer-

125 1786 199 1827 uix
229 1801 404 1840 procera
435 1787 673 1841 cohibetur,
715 1803 761 1829 os
800 1791 843 1828 et
874 1791 1001 1842 caput
1038 1788 1312 1842 rutundatur,
1351 1802 1474 1829 aures

125 1860 316 1886 enormes
356 1849 555 1899 repetunt
594 1847 838 1900 pristinam·
857 1847 1131 1901 paruitatem,
1173 1847 1320 1888 dentes
1358 1847 1475 1887 saxei

125 1904 302 1946 redeunt
323 1905 375 1945 ad
398 1905 628 1946 humanam
654 1906 878 1947 minutiem
905 1909 958 1960 et,
984 1921 1090 1960 quae
1113 1921 1180 1948 me
1200 1906 1473 1960 potissimum

126 1964 341 2005 cruciabat
373 1967 488 2018 ante,
526 1965 657 2005 cauda
694 1980 904 2019 nusquam
939 1969 1151 2018 comparet.
1214 1965 1362 2020 populi
1400 1966 1476 2005 mi—

221 2082 262 2113 11
295 2079 626 2130 inclementissime
653 2094 681 2125 φ
726 2080 1055 2116 inclementissime
1081 2082 1104 2115 ὃ
1214 2085 1257 2116 16
1288 2081 1419 2115 reabse
1446 2081 1474 2113 F

125 2147 164 2171 re
190 2137 236 2172 ab
263 2149 301 2172 se
327 2139 387 2182 φὸ
484 2143 525 2173 21
554 2138 696 2185 amenis
723 2139 751 2172 F
848 2143 903 2174 21.
920 2143 963 2173 22
997 2139 1241 2184 cupidissime
1268 2141 1328 2183 φδ
1371 2138 1474 2183 cupi-

127 2184 195 2218 dus
218 2185 392 2229 promissi
417 2185 498 2220 FE.
599 2190 643 2220 25
669 2185 803 2220 residit
827 2188 958 2231 scripsi
981 2187 1122 2222 residet
1148 2188 1228 2222 edd,
1256 2188 1351 2221 idem
1374 2198 1473 2221 men-

125 2231 212 2265 dum
230 2243 319 2267 corr.
339 2232 411 2268 Lu.
429 2236 460 2267 9.
478 2237 518 2267 11
541 2234 586 2277 ef.
602 2238 634 2268 et
654 2237 685 2267 1.
703 2237 745 2267 14
813 2237 868 2269 26.
889 2238 933 2268 27
953 2234 1030 2268 iam
1048 2245 1124 2268 non
1144 2235 1167 2268 ὃ
1235 2237 1279 2267 27
1301 2235 1429 2277 erepta
1451 2234 1475 2267 ὃ

126 2281 167 2312 31
202 2281 391 2323 comparet
421 2282 552 2324 scripsi
585 2280 794 2325 comparuit
826 2282 864 2324 δ,
895 2283 1003 2317 inser.
1030 2282 1123 2316 idem
1154 2292 1199 2315 m.
1226 2282 1474 2317 recentissima

125 2326 166 2360 in
190 2325 218 2359 F
244 2337 310 2361 om.
337 2340 365 2371 φ
391 2328 436 2371 cf.
465 2331 544 2363 147.
566 2331 628 2371 243
658 2331 734 2362 191.
756 2332 776 2362 5
