1591 2556
612 93 713 129 CAP.
742 91 996 128 XVIII—XXI
1387 94 1472 135 267

129 192 240 246 bam,
272 191 374 246 quid
404 190 465 232 rei
495 190 777 245 portenderet,
807 190 1057 244 praesertim
1087 204 1182 230 611111
1208 190 1373 231 nullum
1400 205 1474 232 un-

131 265 257 305 quam
294 250 493 291 habuisse
530 264 596 291 me
635 263 805 291 seruum
847 249 928 290 isto
970 248 1140 290 nomine
1182 253 1473 303 nuncupatum

130 312 268 351 certus
300 324 446 351 essem.
496 311 592 350 utut
626 311 767 349 tamen
799 323 889 349 sese
921 308 1189 363 praesagium
1216 309 1353 349 somni
1379 324 1473 363 por-

129 369 299 423 rigeret,
329 368 494 409 lucrum
527 370 688 409 certum
719 367 857 408 modis
889 367 1086 408 omnibus
1118 367 1350 421 significari
1381 383 1473 422 par-

94 445 110 470 5
130 428 238 469 tium
270 427 483 468 oblatione
516 427 746 468 credebam.
797 426 857 467 sic
889 427 1038 467 anxius
1072 428 1114 466 et
1144 426 1187 466 in
1216 430 1472 480 prouentum

128 486 439 541 prosperiorem
490 486 698 527 attonitus
753 485 902 539 templi
952 486 1183 526 matutinas
1234 486 1472 539 apertiones

130 545 389 600 opperiebar.
452 560 498 586 ac
537 545 635 586 dum
673 545 780 585 uelis
813 544 1089 585 candentibus
1121 544 1306 585 reductis
1338 545 1382 585 in
1415 545 1472 585 di-

77 610 80 613 '
128 619 299 646 uersum
345 605 444 646 deae
481 603 767 645 uenerabilem
805 606 1077 657 conspectum
1119 603 1394 657 adprecamur
1431 607 1473 645 et

128 678 203 717 per
235 663 462 718 dispositas
501 678 592 704 aras
633 663 884 704 circumiens
923 662 1117 703 sacerdos
1156 678 1244 703 rem
1284 663 1472 704 diuinam

73 740 108 764 10
127 726 344 777 procurat,
382 722 730 777 supplicamentis
762 721 1040 763 sollemnibus
1074 721 1172 762 deae
1204 722 1340 775 Citari,
1379 722 1474 763 lati-

127 795 210 823 cem
241 782 315 835 de>
346 781 552 836 penetrali
588 781 705 822 fonte
743 781 926 835 petitum
965 781 1151 834 spondeo
1184 781 1307 821 libat:
1346 781 1471 822 rebus

128 841 211 881 iam
252 841 332 881 rite
377 840 681 882 consummatis
726 840 946 881 inchoatae
989 840 1096 880 lucis
1142 839 1471 881 salutationibus

126 899 315 955 religiosi
358 899 539 953 primam
590 900 834 940 nuntiantes
878 899 1026 939 horam
1072 901 1355 952 perstrepunt.
1431 902 1473 940 et

127 973 220 1000 6666
252 959 558 1012 superueniunt
590 959 660 1013 [de
691 958 847 1012 patria]
874 958 1047 1011 Hypata
1076 972 1182 1012 quos
1208 958 1268 998 ibi
1294 958 1471 1012 relique-

72 1034 107 1060 15
127 1032 217 1059 ram
248 1017 443 1071 famulos,
479 1032 574 1059 cum
605 1033 671 1059 me
703 1017 823 1058 Fotis
854 1017 978 1058 malis
1011 1017 1330 1071 incapistrasset
1363 1032 1472 1057 erro—

126 1077 257 1131 ribus,
288 1077 471 1132 cognitis
504 1076 665 1117 scilicet
695 1076 847 1117 fabulis
879 1076 996 1129 meis,
1028 1090 1104 1117 1166
1136 1090 1221 1116 11611
1247 1079 1289 1116 et
1315 1090 1471 1130 equum

127 1150 294 1190 quoque
326 1136 447 1176 illum
479 1150 621 1177 meum
652 1135 912 1189 reducentes,
945 1150 1069 1189 quem
1103 1135 1268 1175 diuerse
1299 1135 1471 1176 distrac-

126 1197 217 1236 tum
255 1197 379 1236 notae
418 1194 625 1236 dorsualis
664 1195 879 1249 agnitione
917 1197 1280 1247 recuperauerant.
1342 1209 1471 1248 quare

125 1254 358 1295 sollertiam
386 1254 523 1295 somni
543 1257 635 1294 tum
655 1254 841 1294 mirabar
860 1253 928 1294 uel
949 1254 1144 1306 maxime,
1171 1253 1284 1307 quod
1304 1256 1472 1307 praeter

70 1331 105 1355 20
125 1313 446 1368 congruentiam
483 1313 674 1354 lucrosae
712 1312 1035 1366 pollicitationis
1074 1315 1323 1367 argumento
1358 1313 1471 1354 serui

125 1371 301 1413 Candidi
334 1387 489 1426 equum
521 1371 626 1412 mihi
658 1372 911 1413 reddidisset
943 1371 1081 1412 colore
1115 1371 1350 1412 candidum.

211 1430 325 1472 XXI.
358 1430 450 1480 Quo
476 1431 587 1472 facto
614 1431 725 1472 idem
752 1431 961 1472 sollicitus
989 1430 1182 1471 sedulum
1206 1430 1371 1471 colendi
1390 1430 1470 1471 fre-

124 1490 379 1544 quentabam
416 1490 700 1531 ministerium
739 1505 812 1543 spe
850 1490 994 1530 futura
1028 1489 1243 1530 beneficiis
1276 1504 1470 1543 praesen-

123 1549 238 1591 tibus
269 1549 500 1604 pignerata.
550 1564 627 1591 nec
658 1549 799 1590 minus
832 1549 874 1589 in
908 1549 996 1589 dies
1022 1548 1129 1589 mihi
1154 1549 1290 1604 magis
1316 1549 1471 1604 magis-

69 1625 104 1651 25
124 1622 205 1662 que
237 1609 575 1662 accipiendorum
608 1623 825 1650 sacrorum
857 1607 1009 1662 cupido
1043 1607 1250 1662 gliscebat
1275 1608 1470 1649 summis—

125 1682 206 1721 que
248 1667 444 1721 precibus
486 1668 737 1721 primarium
782 1667 1042 1708 sacerdotem
1087 1667 1333 1720 saepissime
1375 1681 1469 1708 con-

124 1740 334 1780 ueneram‚
364 1728 512 1780 petens
544 1729 592 1766 ut
622 1741 689 1767 me
721 1726 857 1767 noctis
890 1728 1076 1767 sacratae
1108 1726 1279 1767 tandem
1306 1726 1470 1766 arcanis

124 1785 322 1826 initiaret.
373 1788 416 1826 at
436 1785 506 1826 ille
526 1785 593 1826 uir
619 1785 808 1839 alioquin
834 1785 978 1839 grauis
1004 1788 1045 1825 et
1065 1785 1230 1825 sobriae
1250 1784 1469 1839 religionis

125 1844 421 1886 obseruatione
446 1844 647 1898 famosus,
673 1844 901 1885 clementer
927 1859 974 1885 ac
1000 1844 1177 1885 comiter
1202 1846 1244 1885 et
1263 1846 1311 1884 ut
1331 1843 1470 1884 solent

70 1921 105 1946 30
123 1906 318 1957 parentes
339 1903 563 1944 inmaturis
584 1903 815 1944 liberorum
831 1903 1049 1944 desideriis
1069 1902 1316 1957 modificari,
1331 1917 1469 1944 meam

125 1963 321 2004 differens
354 1963 614 2016 instantiam,
647 1962 737 2016 spei
768 1962 957 2004 melioris
990 1962 1157 2003 solaciis
1185 1962 1373 2016 alioquin
1400 1977 1469 2002 an-

225 2094 245 2124 3
280 2092 365 2125 utut
401 2091 497 2126 Prie.
531 2092 572 2124 ut
606 2091 684 2125 cdd.
784 2093 904 2124 10.11
943 2089 1074 2135 <litat⁷
1109 2089 1261 2124 laticem
1300 2088 1372 2135 de>
1412 2089 1470 2122 in-

124 2138 223 2172 serui
235 2138 280 2181 cf.
295 2141 373 2173 218.
387 2141 429 2171 31
500 2140 541 2171 11
560 2137 662 2171 fonte
679 2138 757 2172 cdd.
785 2136 926 2172 fontem
942 2137 983 2172 E.
1048 2141 1091 2172 12
1108 2137 1183 2171 luci
1201 2150 1228 2180 φ
1297 2139 1339 2169 14
1360 2145 1423 2170 ece
1439 2135 1468 2169 F

125 2183 276 2228 Hypata
301 2185 391 2220 Bsn.
432 2184 478 2219 de
515 2183 639 2228 patria
670 2185 748 2219 cdd.
786 2186 990 2229 corruptela
1020 2196 1064 2220 ex
1101 2185 1234 2219 scholio
1272 2188 1351 2218 orta
1388 2182 1467 2217 uid.

128 2234 172 2264 15
197 2231 326 2266 fotidis
351 2233 430 2267 cdd.
456 2233 502 2275 cf.
517 2235 572 2266 50.
595 2235 614 2265 3
699 2235 741 2266 16
768 2232 928 2277 cognitis
954 2233 1033 2267 cdd.
1067 2229 1268 2275 incognitis
1295 2229 1335 2264 E.
1410 2229 1466 2264 fa-

126 2277 225 2312 bulis
262 2279 392 2323 scripsi
433 2278 584 2314 famulis
623 2279 701 2314 cdd.
737 2280 782 2323 cf.
812 2282 889 2314 165.
913 2283 929 2313 1
967 2284 999 2314 et
1037 2280 1078 2314 de
1115 2279 1298 2322 scriptura
1336 2276 1467 2310 fauula

129 2328 182 2360 73.
205 2329 265 2369 23;
300 2330 377 2362 111.
399 2330 436 2371 63
472 2330 550 2361 114.
572 2330 615 2360 25
715 2329 758 2360 25
784 2326 967 2371 glissebat
992 2326 1019 2360 F
