1591 2556
599 81 700 116 cAP.
727 81 877 125 Χ-ΧΠ
1355 84 1409 125 31

155 177 281 219 Diem
313 180 498 220 ceterum
523 177 693 218 lauacro
720 191 767 218 ac
793 177 888 218 dein
915 192 1039 219 cenae
1067 179 1269 221 dedimus.
1313 195 1411 221 nam

67 236 241 279 Milonis
273 237 374 278 boni
415 236 765 277 concinnaticiam
803 236 1039 278 mensulam
1076 242 1251 292 rogatus
1290 239 1411 281 adcu-

68 297 241 338 bueram
263 311 389 351 quam
403 298 502 349 pote
517 298 636 337 tutus
658 295 709 336 ab
722 296 866 337 uxoris
888 296 977 337 eius
999 300 1184 350 aspectu,
1204 297 1411 351 Byrrhae-

68 371 145 397 nae
171 356 429 397 monitorum
449 369 623 409 memor,
643 357 684 396 et
703 354 875 408 perinde
902 355 946 395 in
973 355 1063 396 eius
1088 355 1240 397 faciem
1267 358 1411 399 oculos

32 430 184 457 5meos
222 429 268 456 ac
307 414 342 454 si
379 414 423 454 in
459 413 681 455 Auernum
718 413 857 454 lacum
894 413 1127 455 formidans
1169 415 1410 458 deieceram.

69 474 142 515 sed
173 473 346 514 adsidue
378 473 607 527 respiciens
636 473 1052 527 praeministrantem
1076 473 1273 515 Fotidem
1305 475 1411 517 inibi

66 533 284 574 recreabar
304 532 446 586 animi,
467 547 562 573 cum
583 547 678 574 ecce
698 532 783 573 iam
809 547 986 586 uespera
1004 533 1221 574 lucernam
1241 534 1411 576 intuens

66 592 122 646 [p.
138 591 205 632 25.
225 591 295 646 Ε]
327 591 550 645 Pamphile
577 591 719 645 equam
744 591 906 646 largus’
933 592 1073 646 inquit
1099 592 1251 634 timber
1277 594 1411 635 aderit

65 651 265 692 crastino'
297 654 339 692 et
376 651 643 705 percontanti
680 651 834 691 marito
874 651 946 705 qui
983 652 1258 705 comperisset
1296 653 1411 694 istud

0 726 46 762 11⁰
65 710 284 764 respondit
309 710 391 751 sibi
416 710 631 751 lucernam
657 710 907 764 praedicere.
950 711 1063 765 quod
1089 711 1249 752 dictum
1275 712 1410 766 ipsius

0 778 2 812 1
64 768 169 810 Milo
207 769 297 810 risu
338 772 507 810 secutus
552 769 786 824 ‘grandem’
830 769 972 823 inquit
1016 769 1156 811 ‘istam
1194 770 1410 812 lucernam

67 827 274 882 Sibyllam
305 828 530 883 pascimus,
563 843 669 883 quae
702 831 854 870 cuncta
879 829 982 870 caeli
1009 830 1181 884 negotia
1209 833 1252 871 et
1278 830 1409 872 solem

64 884 203 942 ipsum
236 887 285 928 de
318 887 488 941 specula
520 887 1042 929 candelabri'contuetur.⁷

151 945 245 987 XII.
306 946 376 987 Ad
412 947 515 988 haec
553 961 631 1002 ego
670 947 883 989 subiciens
921 947 1052 988 ‘sunt’
1096 948 1161 988 aio
1201 948 1410 1003 “erua>

11 1022 44 1047 15
64 1006 201 1060 prima
219 1005 394 1047 huiusce
416 1006 690 1047 diuinationis
712 1007 1011 1060 experimenta,
1038 1021 1114 1048 nec
1134 1007 1290 1048 mirum
1308 1007 1410 1049 licet

0 1088 1 1117 i
63 1065 276 1106 modicum
314 1065 445 1106 istum
477 1065 711 1120 igniculum
750 1069 792 1107 et
828 1066 1026 1107 manibus
1064 1066 1262 1107 humanis
1294 1066 1407 1108 labo-

0 1130 1 1133 ’
63 1127 214 1178 ratum,
240 1139 470 1166 memorem
496 1128 637 1166 tamen
664 1124 779 1166 illius
805 1125 979 1166 maioris
1007 1128 1048 1166 et
1075 1125 1268 1166 caelestis
1295 1126 1408 1180 ignis

0 1228 1 1233 ¹
63 1183 181 1224 uelut
214 1183 280 1224 sui
311 1184 511 1237 parentis,
543 1184 646 1238 quid
674 1185 711 1225 is
742 1185 797 1225 sit
821 1184 1012 1225 editurus
1038 1185 1083 1224 in
1109 1184 1291 1226 aetheris
1318 1200 1408 1226 uer-

63 1243 145 1284 tice
172 1242 316 1283 diuino
343 1243 564 1297 praesagio
591 1246 632 1283 et
659 1243 798 1296 ipsum
826 1243 932 1284 scire
959 1246 1000 1284 et
1025 1243 1148 1284 nobis
1176 1245 1406 1285 enuntiare.

0 1307 42 1344 ³20
61 1316 159 1342 nam
192 1304 233 1342 et
260 1300 454 1342 Corinthi
485 1316 597 1342 nunc
629 1302 740 1356 apud
771 1316 848 1342 nos
874 1303 1033 1356 passim
1054 1301 1290 1344 Chaldaeus
1318 1304 1407 1358 qui-

0 1409 1 1412 *
62 1361 157 1401 dam
176 1360 331 1414 hospes
350 1361 471 1401 miris
497 1363 632 1402 totam
659 1361 877 1402 ciuitatem
904 1362 1118 1415 responsis
1140 1362 1407 1403 turbulentat

0 1447 1 1450 =
61 1422 103 1461 et
133 1434 284 1460 arcana
313 1419 499 1461 fatorum
532 1420 713 1473 stipibus
741 1420 973 1461 emerendis
1006 1421 1134 1462 edicit
1164 1421 1208 1461 in
1233 1421 1406 1476 uulgus:

61 1479 134 1533 qui
167 1478 255 1519 dies
287 1479 459 1533 copulas
491 1479 737 1533 nuptiarum
777 1479 988 1533 adfirmet,
1021 1480 1093 1533 qui
1130 1480 1407 1522 fundamenta

0 1535 1 1576 j
60 1538 274 1579 moenium
318 1540 560 1592 perpetuet,
605 1539 678 1592 qui
722 1539 980 1593 negotiatori
1025 1539 1290 1593 commodus⁷
1334 1541 1406 1594 qui

0 1614 41 1640 ,25
61 1597 217 1637 uiatori
248 1597 450 1651 salubris,
482 1597 554 1652 qui
586 1598 770 1652 nauigiis
804 1601 1056 1652 oportunus3
1088 1598 1194 1639 mihi
1227 1599 1407 1654 denique

60 1658 314 1710 prouentum
352 1656 479 1697 huius
520 1657 874 1711 peregrinationis
916 1657 1147 1711 inquirenti
1179 1658 1315 1698 multa
1346 1673 1406 1699 re-

61 1715 233 1769 spondit
277 1718 318 1756 et
363 1715 517 1769 oppido
556 1716 665 1757 mira
706 1719 748 1757 et
788 1716 892 1757 satis
936 1717 1063 1757 uaria.
1137 1731 1249 1758 nunc
1294 1718 1406 1758 enim

61 1774 239 1829 gloriam
273 1774 377 1816 satis
409 1775 615 1829 floridam,
647 1790 758 1816 nunc
790 1775 1015 1816 historiam
1047 1789 1245 1830 magnam
1279 1780 1320 1817 et
1345 1777 1405 1817 in-

61 1833 314 1875 credundam
345 1834 534 1875 fabulam
568 1838 609 1875 et
640 1834 772 1875 libros
805 1850 871 1876 me
904 1835 1107 1876 futurum.

156 1989 173 2018 1
202 1970 326 2020 ceterii
352 1997 445 2021 *με*
470 1985 646 2021 lauacro*
672 1986 699 2019 F
796 1990 836 2020 11
870 1986 1020 2021 lucerno
1053 1986 1154 2031 F¹q21
1184 1986 1332 2021 lucerne
1359 1987 1406 2021 ΡΞ

60 2031 249 2066 lucernam
275 2032 323 2076 φ2
420 2036 462 2067 12
488 2033 674 2078 parcimus
691 2033 766 2077 Ῥφ
866 2037 909 2067 14
935 2044 1002 2079 ego
1029 2045 1095 2069 om.
1123 2047 1150 2078 φ
1231 2033 1404 2081 <parva>

61 2080 198 2114 inserui
229 2080 274 2122 cf.
303 2080 347 2114 R.
376 2081 409 2115 d.
437 2081 504 2115 Ph.
534 2083 622 2114 1885
651 2092 688 2125 p.
712 2084 778 2115 100
902 2085 943 2115 16
976 2080 1075 2116 istst*
1107 2095 1134 2126 φ
1178 2081 1281 2115 istud
1312 2081 1404 2125 Peg

63 2130 105 2160 18
138 2126 228 2170 quid
254 2126 285 2160 is
319 2126 368 2161 sit
392 2129 522 2172 scripsi
558 2127 640 2170 quis
667 2130 765 2162 esset
790 2127 854 2172 Fep
895 2127 985 2172 quid
1011 2130 1108 2163 esset
1135 2130 1157 2162 ὃ
1175 2129 1217 2163 Ε.
1256 2127 1346 2172 quid
1371 2128 1402 2161 is

61 2176 157 2208 esset
183 2174 307 2209 Rohde
393 2179 447 2209 v21.
464 2179 506 2208 22
533 2174 750 2209 turbulenta
776 2177 813 2210 et
839 2175 1002 2210 archana
1028 2175 1091 2220 an
1185 2179 1228 2209 23
1254 2174 1402 2219 nuptia-

60 2232 140 2254 rum
165 2219 211 2254 F¹
238 2222 374 2256 Petsch.
418 2221 605 2266 nuptiales
632 2221 708 2256 1³26
723 2223 763 2257 E.
807 2222 987 2267 nuptialis
1015 2236 1042 2266 φ
1165 2227 1208 2257 25
1243 2221 1401 2256 salubris

63 2267 198 2302 Comei.
227 2269 362 2304 Petseh.
408 2268 564 2303 celebris
591 2270 669 2304 cdd.
745 2273 788 2304 26
815 2269 1019 2313 inquirenti
1046 2270 1107 2304 F&
1135 2268 1344 2313 acquirenti
1371 2277 1401 2311 φ

62 2314 273 2358 anquirenti
303 2315 391 2351 Oud.
491 2319 545 2351 28.
562 2319 604 2350 29
631 2316 895 2351 incredendam
922 2331 949 2361 φ
