1591 2556
170 97 257 139 238
753 97 881 131 LIBRI
906 97 939 131 X

259 194 351 235 XX.
401 193 489 235 Iam
525 193 703 248 denique
735 193 871 235 cenati
904 208 925 233 e
957 192 1143 234 triclinio
1183 193 1341 234 domini
1373 193 1510 235 deces-

172 268 360 294 seramus
401 256 442 294 et
486 253 569 293 iam
614 252 770 294 dudum
811 251 1139 306 praestolantem
1179 252 1371 294 cubiculo
1414 267 1511 294 meo

172 315 410 353 matronam
450 311 712 353 offendimus.
769 312 828 352 dii
865 310 983 365 boni,
1016 311 1153 365 qualis
1190 311 1261 352 ille
1299 325 1509 366 quamque

175 371 415 425 praeclarus
449 371 692 425 apparatus!
725 373 927 425 quattuor
958 370 1139 411 eunuchi
1166 370 1388 411 confestim
1419 370 1509 424 pul-

171 431 288 472 uillis
327 429 614 484 compluribus
646 432 820 471 uentose
852 428 1116 470 tumentibus
1152 429 1298 483 pluma
1332 429 1510 470 delicata

172 492 415 531 terrestrem
453 489 576 530 nobis
614 488 803 529 cubitum
835 491 1108 542 praestruunt
1139 488 1212 529 sed
1243 491 1285 530 et
1322 488 1511 543 stragula

171 551 290 590 ueste
323 562 424 589 auro
457 562 504 588 ac
534 548 693 589 murice
719 547 848 601 Tyrio
876 547 1041 601 depicta
1072 547 1203 601 probe
1235 550 1511 588 consternunt

172 622 219 648 ac
252 607 429 660 desuper
466 606 666 648 breuibus
699 606 924 647 admodum
958 606 1030 647 sed
1062 606 1165 647 satis
1197 606 1379 660 copiosis
1419 605 1510 660 pul-

171 666 287 707 uillis
330 666 417 707 illis
455 666 602 720 [nimis
633 665 848 719 modicisL
887 665 980 719 quis
1013 664 1206 706 maxillas
1245 667 1287 706 et
1327 665 1510 706 ceruices

172 725 373 766 delicatae
414 724 611 766 mulieres
643 724 856 765 suffulcire
888 727 1161 778 consuerunt,
1199 726 1508 778 superstruunt.

171 799 247 825 nec
280 784 472 825 dominae
503 783 744 837 uoluptates
778 783 940 824 diutina
978 798 1053 823 sua
1084 783 1322 837 praesentia
1357 783 1511 824 morati

174 843 328 884 clausis
361 842 544 884 cubiculi
574 842 737 884 foribus
768 842 992 883 facessunt.
1034 845 1077 882 at
1108 843 1223 883 intus
1256 842 1363 884 cerei
1395 856 1510 896 prae-

173 902 284 943 clara
321 902 525 943 micantes
561 901 654 942 luce
692 904 920 942 nocturnas
961 901 1082 942 nobis
1121 901 1316 942 tenebras
1354 900 1510 942 inalba-

171 962 284 1002 bant.
323 959 435 1002 XXI.
468 964 569 1001 tunc
602 960 693 1014 ipsa
719 964 869 1001 cuncto
902 975 1074 1014 prorsus
1101 960 1282 1014 spoliata
1313 960 1510 1015 tegmine,

172 1020 312 1061 taenia
343 1034 510 1074 quoque
543 1033 625 1073 qua
657 1019 828 1059 decoras
861 1019 1106 1060 deuinxerat
1138 1019 1335 1074 papillas,
1367 1019 1510 1060 lumen

170 1082 345 1133 propter
382 1078 590 1119 adsistens
623 1077 672 1118 de
711 1081 885 1132 stagneo
917 1078 1089 1119 uasculo
1121 1078 1257 1120 multo
1289 1093 1378 1119 sese
1420 1092 1510 1132 per-

171 1138 296 1192 ungit
339 1136 431 1178 oleo
475 1136 663 1177 balsamo
707 1151 857 1190 meque
901 1136 1085 1178 indidem
1134 1137 1372 1191 largissime
1420 1152 1510 1191 per—

169 1197 296 1238 fricat
333 1196 406 1237 sed
449 1195 584 1237 multo
622 1198 737 1237 tanto
780 1196 1029 1249 impensiore
1072 1210 1171 1236 cura
1215 1196 1341 1237 etiam
1388 1211 1510 1237 nares

170 1255 387 1310 perfundit
418 1269 542 1296 meas.
599 1258 700 1295 tunc
733 1254 974 1295 exosculata
1014 1254 1221 1309 pressule,
1253 1270 1338 1296 non
1370 1254 1526 1309 qualia,
1588 1247 1589 1266 ³

172 1408 270 1442 Prie.
298 1406 428 1450 Haupt
453 1406 523 1440 Lu.
551 1406 593 1448 cf'.
624 1409 676 1440 13.
699 1409 742 1439 33
780 1407 930 1441 Etentus
957 1406 1037 1450 F¹‹p
1135 1410 1154 1439 3
1183 1405 1236 1439 dii
1261 1406 1288 1439 F
1385 1409 1405 1439 9
1431 1405 1508 1439 illis

171 1455 300 1498 scripsi
343 1452 426 1487 aliis
453 1454 530 1488 edd.
628 1452 753 1498 [nimis
778 1452 950 1499 modicis]
976 1454 1149 1498 eaepunxi,
1174 1454 1345 1498 ylossema
1368 1453 1511 1487 videtum

172 1503 361 1536 uerborum
386 1500 563 1534 breuibus
590 1500 806 1544 admodum3
833 1500 1013 1544 puluillis,
1041 1500 1125 1534 aliis
1152 1500 1191 1534 Ε.
1268 1503 1310 1534 10
1335 1499 1508 1534 mulieres
1539 1528 1543 1539 ,
1585 1489 1587 1498 ⁴

170 1549 236 1592 Ὲφ
261 1547 427 1582 mulieris
454 1547 494 1582 E.
594 1551 634 1580 17
662 1546 870 1581 balsamino
899 1548 1001 1583 Come„
1028 1548 1083 1582 cll.
1111 1547 1208 1581 Ptin.
1237 1547 1286 1582 H.
1313 1547 1361 1581 N.
1389 1550 1442 1582 23.
1465 1551 1508 1581 92

173 1599 215 1630 18
247 1594 364 1628 multo
402 1596 508 1628 tanto
546 1594 767 1638 impensiore
806 1605 893 1629 cura
931 1594 1045 1628 etiam
1082 1605 1189 1629 nares
1228 1594 1317 1629 Oud.
1345 1595 1390 1638 cf.
1416 1594 1507 1629 Luc.

171 1642 276 1677 Asin.
292 1645 359 1676 618
385 1641 502 1676 multo
528 1643 635 1675 tanta
660 1641 863 1686 impensius
890 1653 977 1675 cura
1003 1641 1117 1676 etiam
1142 1652 1249 1676 nares
1274 1641 1302 1675 F
1334 1653 1380 1677 m.
1401 1642 1508 1676 tanta

172 1689 336 1734 impense
357 1700 444 1723 cura
471 1690 517 1723 et.
538 1700 614 1723 nar.
638 1702 665 1732 φ
698 1701 744 1723 m.
772 1690 877 1723 tanto
898 1688 1100 1733 impensius
1121 1687 1384 1733 crura‚-etiam
1401 1690 1507 1723 nates

172 1737 213 1771 E.
240 1748 320 1772 cum
345 1736 447 1780 Lips.
532 1739 574 1769 19
596 1740 677 1780 post
702 1747 802 1770 meas
828 1737 988 1781 sequitur
1012 1738 1100 1770 tunc
1125 1737 1167 1770 in
1191 1735 1229 1780 F,
1256 1737 1296 1770 in
1321 1749 1349 1780 φ
1374 1736 1415 1770 in
1439 1747 1506 1780 my.

171 1785 342 1827 inferiore
373 1784 595 1827 adscriptum
625 1789 675 1818 est
710 1784 969 1828 fraymentum,
995 1784 1089 1828 quod
1120 1784 1227 1818 etiam
1259 1784 1423 1818 seruauit
1453 1783 1506 1817 cd.

172 1831 287 1866 Laur.
315 1834 359 1864 54
392 1834 435 1864 24
460 1831 521 1873 fol.
550 1834 592 1864 14
621 1842 651 1864 ιι.
687 1832 724 1864 et
755 1830 850 1864 ercle
883 1832 1005 1864 ortum
1040 1832 1189 1875 (totum)
1213 1829 1340 1875 pigam
1363 1840 1428 1874 per
1452 1831 1507 1864 te-

171 1879 288 1912 retem
313 1877 423 1921 hyaci
449 1877 651 1921 fragrantis
677 1880 714 1912 et
740 1877 822 1912 chie
848 1888 996 1912 rosacee
1022 1877 1225 1911 lotionibus
1257 1876 1506 1921 (expurgauit)

173 1936 216 1959 ac
243 1924 329 1959 dein
355 1924 484 1968 digitis
509 1927 632 1969 ypate⁷
659 1924 811 1968 licanos,
838 1935 947 1969 mese,
973 1935 1165 1969 paramese
1189 1926 1226 1959 et
1250 1925 1334 1958 nete
1360 1923 1508 1958 hastam

172 1971 224 2006 mi
248 1970 412 2015 inguinis
437 1971 538 2005 niuei
564 1971 759 2015 spurciciei
784 1971 951 2016 pluscule
978 1971 1167 2006 excorians
1194 1969 1420 2006 emundauit.
1459 1970 1507 2005 Et
1556 1971 1558 1975 ’

174 2030 257 2053 cum
276 2018 324 2052 ad
344 2018 507 2062 inguinis
528 2018 723 2063 cephalam
742 2018 904 2053 formosa
922 2018 1054 2053 mulier
1067 2021 1193 2053 conati
1213 2019 1309 2063 u(uel
1327 2019 1365 2062 n)
1380 2017 1507 2052 ciebat

174 2066 221 2100 ab
254 2065 399 2100 orcibus
431 2065 560 2109 ganies
592 2077 660 2110 ego
687 2068 724 2100 et
756 2066 885 2100 dentes
911 2066 960 2100 ad
986 2065 1114 2110 jouem
1144 2065 1268 2100 eleuas
1292 2064 1402 2109 p‘apo
1435 2064 1506 2099 fre-

173 2112 302 2157 quenti
328 2112 482 2146 frictura
518 2113 755 2156 porrixabam
780 2113 915 2157 ipoque
949 2113 1072 2157 pando
1107 2115 1144 2147 et
1177 2112 1340 2156 repando
1377 2113 1507 2146 uentre

173 2159 379 2205 sepiuscule
415 2159 615 2193 tactabam
665 2160 769 2204 Ipam
806 2171 952 2204 quoque
986 2159 1158 2204 inspicies
1191 2159 1252 2203 qd’
1281 2158 1378 2203 geni
1409 2158 1508 2193 inter

173 2207 264 2242 anth
290 2209 395 2241 tenas
429 2204 561 2279 elxt'zuat
593 2207 777 2241 modicum
804 2207 843 2241 id
867 2207 1008 2241 morule
1033 2218 1106 2251 qua
1137 2206 1294 2240 lustrum
1320 2204 1362 2240 st'
1367 2205 1406 2240 ni
1430 2217 1506 2240 ma·
1556 2236 1578 2261 '1

173 2278 329 2312 dauerat
354 2276 416 2311 ani
442 2289 458 2311 s
482 2276 670 2311 reuoluta3
690 2278 920 2313 autumabat
953 2279 1001 2312 In
1025 2278 1139 2312 Lam.
1161 2281 1216 2311 54.
1232 2280 1276 2310 24
1300 2277 1385 2311 haec
1402 2280 1506 2311 swnt:

173 2327 211 2359 et
242 2324 364 2359 hercle
397 2324 535 2359 orcium
571 2323 697 2369 pigam
729 2326 954 2369 pei-teretem
982 2324 1088 2369 hyaci
1122 2323 1323 2369 fragrantis
1356 2325 1393 2357 et
1423 2322 1505 2357 chie

1546 447 1563 473 5

1530 743 1543 765 1
1566 747 1568 751 ,
