1591 2556
157 100 242 142 208
695 99 822 134 LIBRI
847 99 951 135 VIIII
977 118 982 123 =

158 196 426 249 commonita,
465 211 547 250 quo
580 197 787 237 maturius
819 199 1102 251 stupratorem
1140 211 1265 237 suum
1297 196 1498 252 tegminis

159 256 348 298 cruciatu
378 255 589 308 liberaret,
621 255 851 296 identidem
883 255 1086 297 suadebat
1117 255 1318 296 maritum
1343 258 1499 310 tempe-

159 317 247 357 rius
286 315 419 369 quieti
457 314 664 355 decedere.
727 317 770 355 at
807 314 878 355 ille
916 317 1065 368 utpote
1104 314 1230 368 (qui)
1268 314 1502 369 intercepta

159 389 261 416 cena
286 373 533 428 profugerat
558 387 730 427 prorsus
751 374 929 427 ieiunus,
955 388 1143 414 mensam
1162 372 1305 427 potius
1325 373 1502 414 comiter

159 433 412 488 postulabat.
473 432 709 486 adponebat
740 433 777 473 ei
810 447 986 486 propere
1019 432 1214 486 quamuis
1247 432 1382 473 inuita
1412 446 1500 473 mu·
1537 446 1572 486 5¹2

159 494 249 546 lier,
282 491 476 546 quippini
509 491 760 532 destinatam
798 491 881 532 alii.
944 491 1017 532 sed
1046 490 1153 531 mihi
1184 491 1331 545 penita
1361 505 1499 545 carpe·
1565 526 1583 546 ·,

160 553 316 592 bantur
347 550 592 604 praecordia
623 553 664 591 et
695 550 946 604 praecedens
978 550 1142 591 facinus
1169 553 1211 591 et
1236 552 1499 604 praesentem
1556 552 1585 587 .“”

160 610 410 652 deterrimae
454 609 634 650 feminae
678 609 959 650 constantiam
1005 609 1211 664 cogitanti
1250 622 1500 662 mecumque

160 669 307 711 sedulo
347 668 648 722 deliberabam,
689 668 811 722 siquo
852 669 977 709 modo
1018 682 1205 722 possem,
1247 667 1422 709 detectis
1454 681 1501 708 ac
1561 672 1566 691 ²

161 727 360 770 reuelatis
398 727 635 781 fraudibus,
678 727 883 768 auxilium
927 742 1021 768 meo
1065 726 1286 780 perhibere
1331 726 1501 768 domino
1523 743 1577 768 ιοι4

161 788 377 841 illumque,
417 787 489 840 qui
522 787 573 827 ad
604 787 738 827 instar
775 786 1002 827 testudinis
1035 785 1202 826 alueum
1234 785 1503 839 succubabat,
1572 780 1575 785 ’

163 848 220 902 [p.
250 846 344 886 171.
371 845 439 899 E]
492 845 666 899 depulso
716 845 904 900 tegmine
955 845 1117 886 cunctis
1167 844 1307 898 palam
1355 844 1502 885 facere.
1559 884 1581 910 η

161 903 338 947 XXVII.
372 904 431 945 sic
463 904 554 945 erili
582 904 838 945 contumelia
862 919 929 945 me
955 904 1189 945 cruciatum
1214 903 1384 944 tandem
1417 917 1503 944 cae·
1564 920 1579 938 -s

160 965 281 1006 lestis
325 964 511 1017 respexit
553 963 831 1017 prouidentia.
900 978 997 1003 nam
1036 977 1163 1004 senex
1201 962 1392 1015 claudus,
1437 961 1504 1003 cui
1568 989 1574 996 -

161 1026 307 1065 nostra
344 1022 478 1063 tutela
513 1023 719 1075 permissa
755 1022 910 1075 fuerat,
954 1022 1152 1062 uniuersa
1189 1036 1266 1062 nos
1305 1021 1504 1073 iumenta,
1525 1035 1581 1063 15v

162 1083 205 1123 id
236 1082 342 1122 hora
373 1081 455 1121 iam
490 1081 750 1134 postulante,
789 1080 841 1120 ad
876 1080 1015 1121 lacum
1053 1080 1295 1134 proximum
1332 1079 1504 1120 bibendi

164 1156 289 1183 causa
333 1140 542 1195 gregatim
583 1139 862 1193 prominabat.
933 1154 1038 1193 quae
1086 1154 1152 1180 res
1195 1138 1505 1193 optatissimam

163 1199 270 1241 mihi
320 1199 531 1239 uindictae
581 1198 922 1239 subministrauit
972 1198 1245 1239 occasionem.
1324 1211 1506 1251 namque
1570 1223 1584 1250 ‚5

165 1258 531 1314 praetergrediens
573 1258 819 1298 obseruatos
864 1260 1075 1298 extremos
1117 1256 1297 1298 adulteri
1338 1256 1507 1311 digitos,
1567 1251 1584 1290 ’1

167 1319 241 1373 qui
260 1333 335 1372 per
361 1317 578 1372 angustias
605 1317 697 1358 caui
723 1316 924 1371 tegminis
949 1316 1264 1370 prominebant,
1290 1314 1508 1369 obliquata
1526 1331 1560 1357 2⁰
1583 1354 1584 1365 ,

164 1381 290 1431 atque
322 1377 475 1417 infesta
500 1376 661 1431 ungula
686 1390 934 1429 conpressos
960 1390 1093 1429 usque
1120 1375 1172 1416 ad
1197 1389 1405 1415 summam
1430 1373 1505 1414 mi-

163 1436 327 1477 nutiem
368 1438 560 1489 contero⁷
602 1435 733 1475 donec
774 1434 1033 1475 intolerabili
1074 1434 1217 1475 dolore
1258 1435 1506 1486 commotus,

165 1495 333 1537 sublato
378 1494 509 1535 flebili
550 1469 735 1536 ⁷clamore
779 1493 1033 1547 iepulsoque
1078 1495 1120 1534 et
1165 1492 1328 1533 abiecto
1373 1491 1506 1545 alueo,

165 1553 408 1608 conspectui
440 1553 617 1607 piofano
655 1552 844 1593 redditus
881 1566 1073 1593 scaenam
1104 1551 1386 1606 piopudiosae
1417 1565 1505 1591 mu-

163 1614 279 1654 lieris
322 1612 532 1666 patefecit.
600 1626 676 1653 nec
720 1614 860 1652 tamen
905 1611 1040 1665 pistor
1084 1611 1236 1651 damno
1277 1609 1505 1664 pudicitiae
1525 1624 1583 1679 ²⁵47

163 1673 361 1725 <uxor-2⁴3>
392 1684 646 1726 magnopere
678 1673 915 1711 commotus
951 1670 1156 1724 exsangui
1187 1669 1347 1723 pallore
1379 1667 1505 1722 trepi-

165 1732 334 1772 dantem
366 1745 544 1784 puerum
577 1745 723 1770 serena
753 1729 892 1770 fronte
925 1732 966 1770 et
998 1729 1230 1782 propitiata
1259 1728 1365 1769 facie
1397 1741 1506 1768 com-

163 1790 352 1831 mulcens
385 1789 534 1843 incipit

254 1848 391 1890 ‘Nihil
428 1848 551 1889 triste
590 1848 638 1888 de
679 1863 746 1889 me
784 1847 882 1901 tibi,
926 1846 1006 1900 fili
1050 1849 1226 1887 metuas.
1287 1859 1371 1886 11011
1411 1859 1506 1885 sum

164 1908 368 1949 baibarus
400 1922 476 1948 nec
509 1907 667 1962 agiesti
698 1921 864 1947 morum
872 1880 1086 1960 squalore
1111 1904 1327 1958 praeditus
1352 1917 1429 1945 nec
1454 1903 1507 1944 ad
1525 1918 1560 1945 3⁰

165 1966 406 2019 exemplum
439 1967 633 2007 naccinae
660 1965 940 2006 truculentiae
966 1964 1152 2018 sulpuris
1179 1966 1220 2004 te
1245 1962 1363 2004 letali
1388 1962 1505 2027 fumo

1561 322 1574 367 &d

263 2122 279 2151 1
314 2102 461 2152 cdmota
493 2117 538 2150 F¹
658 2121 678 2150 3
712 2117 889 2151 decedere
922 2116 1000 2150 cdd.
1044 2114 1215 2149 recedere
1247 2113 1286 2148 E.
1319 2113 1364 2156 cf.
1392 2115 1506 2147 81.23
1565 2112 1577 2127 ‘⁴

166 2170 186 2200 3
215 2164 335 2212 (qui)
362 2164 431 2199 Lu.
530 2168 550 2197 4
585 2163 800 2208 profugeret
831 2163 917 2205 Foel
1014 2166 1034 2196 6
1066 2161 1195 2206 penita
1227 2161 1298 2195 Im
1325 2160 1371 2203 ef.
1397 2162 1453 2194 28.
1467 2163 1506 2202 ὃς
1573 2158 1577 2170 ¹

169 2240 246 2271 183.
262 2240 306 2269 24
331 2240 363 2270 et
394 2236 609 2280 fragmenta.
636 2239 656 2268 3
683 2234 817 2279 (Hild.)
855 2218 961 2278 peni-3
995 2235 1017 2278 (ς
1043 2233 1085 2267 ἰ”νι
1108 2233 1195 2276 ras.)
1222 2231 1282 2265 F&
1324 2230 1453 2275 penita
1478 2243 1506 2273 φ
1558 2208 1577 2260 1⁵

167 2287 211 2317 ‘26
238 2282 417 2328 (uxoris)
442 2283 581 2317 inserui
652 2292 816 2325 exsangu
850 2281 876 2315 F
884 2281 895 2300 ¹
976 2284 1019 2314 28
1045 2278 1178 2323 incipit
1203 2279 1280 2313 edd.
1317 2276 1440 2321 inquit
1464 2276 1505 2311 E

166 2334 209 2364 31
237 2329 397 2375 sulpuris
423 2329 450 2363 F
