1591 2556
476 94 576 130 cAP.
604 84 993 129 xxxvi—xxxvii]
1322 95 1405 136 217

8 183 9 187 ¹
62 189 241 231 duorum
274 190 454 232 alterum
485 207 561 246 per
591 194 739 245 pectus
777 190 963 232 medium
995 191 1268 246 transadegit.
1330 207 1408 234 nec

7 258 10 271 ⁴
61 250 202 290 tamen
245 253 490 304 peremptus
531 266 579 292 ac
618 264 814 304 prorsum
856 250 1121 290 exanimatus
1163 251 1406 292 adulescens

2 310 8 361 ἰἶ
60 306 132 348 ille
164 311 299 350 terrae
331 309 525 350 concidit.
582 324 679 350 nam
710 308 843 350 telum
876 311 1165 350 transuectum
1197 312 1323 364 atque
1356 325 1408 351 ex

6 382 7 418 1
60 367 246 408 maxima
274 370 394 421 parte
426 383 535 422 pone
560 371 728 423 tergum
755 367 945 421 elapsum
973 367 1148 422 soloque
1174 368 1292 410 nisus
1318 369 1406 410 uio-

18 439 33 464 5
59 425 190 467 lentia
221 426 405 467 defixum
438 428 578 483 rigore
609 428 763 468 librato
797 427 1074 480 suspenderat
1106 442 1269 481 corpus.
1332 428 1406 469 sed

0 498 7 530 1
61 486 103 525 et
135 485 305 539 quidam
338 486 388 527 de
427 487 607 528 seruulis
645 500 846 541 procerus
885 488 927 527 et
958 485 1125 527 ualidus
1158 486 1309 528 sicario
1341 486 1404 527 illi

59 544 197 584 ferens
248 545 454 586 auxilium
498 546 637 600 lapide
682 547 875 586 contorto
920 545 1036 585 tertii
1080 545 1195 587 illius
1239 546 1406 587 iuuenis

4 617 6 638 1
60 602 279 645 dexterum
323 604 544 646 brachium
584 605 714 659 longo
755 604 868 645 iactu
908 604 1090 658 petierat
1130 605 1204 645 sed
1244 605 1406 659 impetu

3 711 5 721 ⁴
60 676 178 703 casso
219 678 294 717 per
332 666 544 705 extremos
583 664 739 718 digitos
780 666 1074 704 transcurrens
1112 663 1222 717 lapis
1261 667 1407 705 contra

7 736 40 760 0
60 720 250 762 omnium
283 723 524 776 opinionem
557 723 768 764 deciderat
794 722 1003 763 innoxius.
1054 721 1295 764 XXXVIII.
1322 738 1407 764 non

59 779 221 821 nullam
252 783 395 823 tamen
427 782 700 836 sagacissimo
733 781 878 822 iuueni
908 795 1003 835 pro·
1031 781 1197 835 [9178.
1212 781 1281 836 E]
1308 797 1406 823 uen-

3 877 5 893 (
59 841 129 879 tus
160 839 386 881 humanior
418 841 629 882 uindictae
662 840 876 894 speculam
903 840 1256 882 subministrauit.
1307 842 1408 882 ficta

4 902 5 905 ’
59 913 240 953 namque
272 914 422 940 manus
455 915 554 941 suae
587 900 805 941 debilitate
839 900 899 940 sic
926 899 1265 941 crudelissimum
1292 901 1408 941 iuue-

3 955 4 981 ἕ
58 972 154 998 nem
188 958 413 1012 compellat
444 959 599 1000 ‘fruere
632 959 762 1000 exitio
795 959 927 999 totius
959 961 1128 999 nostrae
1154 959 1339 1000 familiae
1366 963 1409 1000 et

2 1012 4 1027 ⁴
24 1030 40 1055 5
59 1017 264 1071 sanguine
289 1018 421 1059 trium
445 1018 624 1059 fratrum
653 1018 939 1059 insatiabilem
966 1021 1083 1058 tuam
1113 1018 1406 1059 crudelitatem

2 1077 3 1106 5
58 1090 182 1129 pasce
214 1079 256 1117 et
293 1076 342 1117 de
379 1078 606 1130 prostratis
638 1078 723 1118 tuis
757 1077 922 1118 ciuibus
955 1076 1139 1131 gloriose
1177 1077 1410 1132 triumpha7

60 1134 159 1175 dum
200 1135 327 1189 scias,
366 1135 466 1177 licet
506 1136 674 1190 priuato
716 1136 804 1176 suis
846 1136 1186 1189 possessionibus
1223 1151 1407 1190 paupere

2 1216 3 1224 1
58 1194 164 1234 fines
207 1209 340 1248 usque
384 1198 426 1235 et
466 1210 600 1249 usque
641 1195 1035 1249 proterminaueris,
1075 1194 1323 1237 habiturum
1365 1200 1408 1237 te

59 1255 201 1293 tamen
221 1254 409 1294 uicinum
437 1253 632 1308 aliquem.
682 1269 780 1294 nam
799 1253 904 1294 haec
929 1254 1057 1295 etiam
1084 1254 1267 1309 dextera,
1300 1270 1407 1309 quae

1 1326 39 1365 jao
59 1314 180 1352 tuum
212 1324 391 1366 prorsus
415 1309 677 1367 amputasset
703 1316 840 1367 caput7
873 1313 1097 1367 iniquitate
1123 1313 1201 1354 fati
1229 1318 1407 1354 contusa

1 1368 2 1407 1
59 1370 244 1411 decidit?

147 1428 239 1480 Quo
290 1445 483 1471 sermone
527 1434 791 1484 exasperatus
841 1430 1026 1483 alioqum
1068 1431 1254 1473 furiosus
1298 1432 1408 1473 latro

1 1508 2 1511 ¹
57 1491 179 1542 rapto
206 1489 347 1544 gladio
374 1504 451 1530 sua
475 1490 762 1531 miserrimum
788 1490 985 1530 iuuenem
1011 1505 1139 1530 manu
1165 1495 1405 1545 peremptu-

57 1562 130 1588 rus
162 1548 326 1589 inuadit
364 1548 524 1589 auidus.
587 1563 663 1590 nec
701 1552 843 1590 tamen
882 1549 947 1589 sui
984 1548 1224 1590 molliorem
1256 1565 1407 1603 prouo-

3 1620 37 1645 5
58 1609 172 1647 carat
204 1607 360 1661 quippe
392 1607 608 1661 insperato
642 1611 684 1648 et
714 1608 841 1662 longe
874 1611 1021 1648 contra
1046 1608 1136 1649 eius
1163 1609 1405 1662 opinionem

56 1666 258 1707 resistens
290 1666 455 1707 iuuenis
488 1667 711 1721 complexu
742 1666 976 1708 fortissimo
1011 1667 1166 1721 adripit
1192 1668 1282 1709 eius
1309 1668 1405 1709 dex-

57 1727 190 1765 teram
231 1739 469 1779 magnoque
510 1726 607 1766 nisu
647 1726 759 1766 ferro
798 1725 953 1766 librato
992 1726 1139 1767 multis
1172 1729 1214 1767 et
1246 1727 1404 1768 crebris

57 1783 211 1824 ictibus
243 1784 439 1837 inpuram
477 1784 597 1825 elidit
635 1784 781 1825 diuitis
819 1784 1002 1825 animam
1036 1788 1078 1826 et
1109 1788 1157 1826 ut
1189 1801 1405 1827 accurren-

57 1842 164 1883 tium
203 1843 329 1884 etiam
367 1843 641 1884 familiarium
678 1858 806 1884 manu
845 1858 888 1884 se
925 1843 1142 1898 liberaret,
1181 1845 1405 1886 confestim

4 1914 38 1939 30
57 1900 193 1942 adhuc
229 1902 391 1943 inimici
429 1903 634 1957 sanguine
673 1902 862 1943 delibuto
901 1918 1101 1944 mucrone
1140 1903 1283 1957 gulam
1322 1904 1404 1945 sibi

57 1975 232 2014 prorsus
265 1961 463 2002 exsecuit.

149 2103 169 2133 8
200 2073 370 2144 petiebat
395 2114 423 2145 φ
522 2103 632 2134 10.11
667 2111 741 2135 11011
774 2100 890 2135 ullam
915 2102 958 2174 ξιξ
1057 2106 1172 2137 16.17
1214 2102 1406 2147 triumpha

56 2181 144 2215 dum
162 2182 259 2217 Prie.
285 2182 592 2227 triumphandum
617 2182 676 2217 F&
704 2182 1017 2228 triumphandum
1042 2198 1070 2229 φ
1170 2189 1212 2219 19
1238 2184 1404 2218 uicinum

56 2228 219 2272 aliquem
242 2229 288 2272 ef.
315 2229 396 2265 Sen.
417 2230 489 2274 Ep.
518 2233 572 2264 89.
595 2233 640 2263 20
738 2234 782 2264 22
809 2233 1050 2275 exasperatus
1078 2231 1248 2275 alioquin
1272 2232 1404 2275 scripsi

56 2275 223 2319 alioquin
248 2279 487 2321 exasperatus
514 2277 593 2312 cdd.
692 2280 737 2311 24
763 2277 932 2313 molliore
951 2278 1035 2323 Fq>¹
1133 2282 1186 2312 24.
1208 2282 1251 2312 25
1278 2289 1407 2312 nec—

0 2357 1 2365 *
53 2324 276 2367 prouocarat
300 2325 452 2359 inducta
477 2325 518 2359 in
542 2323 570 2357 F
595 2335 661 2359 om.
690 2325 713 2358 ὃ
810 2328 852 2359 27
880 2325 1041 2360 liberato
1069 2325 1096 2359 F
