1591 2556
616 86 716 122 CAP.
743 85 892 120 V—VII
1343 85 1425 125 227

84 186 180 226 bem
206 199 396 226 maerens
424 184 772 236 inflammanerat,
797 184 846 222 ut
866 183 1028 222 remoto
1049 181 1261 222 iudicandi
1287 181 1426 222 taedio

86 248 127 286 et
153 243 431 286 accusationis
458 241 694 284 manifestis
720 240 1045 295 probationibus
1073 243 1114 280 et
1139 240 1427 294 responsionis

84 303 298 344 meditatis
331 302 580 357 ambagibus
613 300 752 342 cuncti
784 299 1088 341 conclamarint
1118 298 1331 353 lapidibus
1359 299 1428 340 ob-

85 366 230 403 rutum
269 361 487 416 publicum
516 360 685 416 ‘malum
732 358 899 413 publice
939 358 1145 399 uindicari
1185 358 1427 411 (oportere).

50 438 65 463 5
173 420 450 475 Magistratus
488 419 658 461 interim
697 421 812 459 metu
849 417 1027 472 periculi
1064 417 1244 471 proprii,
1288 432 1339 457 ne
1378 417 1427 457 de

84 480 228 534 paruis
267 479 572 534 indignationis
613 477 832 519 elementis
871 477 923 517 ad
961 477 1137 517 exitium
1179 476 1427 530 disciplinae

84 539 355 593 ciuitatisque
394 538 545 579 seditio
583 536 844 591 procederet,
881 536 1038 590 partim
1077 535 1323 576 decuriones
1363 535 1427 575 de-

83 598 245 652 precari
277 597 433 651 partim
465 596 689 651 populares
728 609 1009 649 compescere,
1047 597 1095 635 ut
1127 594 1206 635 rite
1239 596 1280 635 et
1311 608 1428 635 more

84 657 293 698 maiorum
332 656 487 697 iudicio
525 655 688 696 reddito
727 657 769 696 et
806 654 951 695 utrim-
986 653 1249 708 [p.186.E.]
1284 668 1427 707 quese-

31 733 65 757 10
86 731 158 757 cus
191 715 518 771 allegationibus
556 714 824 767 examinatis,
863 713 1049 754 ciuiliter
1086 713 1296 753 sententia
1332 727 1426 766 pro-

81 777 268 816 meretur
298 789 374 815 nec
406 774 456 815 ad
488 774 621 815 instar
651 773 895 814 barbaricae
927 771 1109 813 feritatis
1142 771 1211 812 uel
1242 772 1428 825 tyranni-

82 849 152 875 cae
196 833 469 887 impotentiae
522 833 791 873 damnaretur
834 831 987 885 aliquis
1035 830 1250 871 inauditus
1296 833 1337 871 et
1384 831 1427 870 in

80 908 181 947 pace
214 892 378 947 placida
408 894 496 933 tam
529 892 667 932 dirum
700 890 866 932 saeculo
899 890 1148 945 proderetur
1174 889 1426 943 exemplum.

81 950 176 993 VII.
214 951 374 1005 placuit
411 951 578 992 salubre
621 950 844 992 consilium
882 952 924 990 et
962 949 1059 990 ilico
1100 950 1238 990 iussus
1276 963 1427 1002 praeco

29 1027 62 1052 15
81 1010 329 1065 pronuntiat
359 1013 500 1064 patres
534 1010 577 1050 in
611 1010 769 1050 curiam
803 1009 1089 1050 conuenirent.
1152 1008 1306 1062 quibus
1333 1022 1427 1061 pro-

81 1073 204 1111 tenus
237 1069 457 1124 dignitatis
490 1069 579 1110 iure
606 1071 807 1109 consueta
831 1068 924 1109 loca
949 1067 1232 1108 residentibus
1258 1081 1427 1107 rursum

80 1129 299 1183 praeconis
340 1131 494 1169 uocatu
532 1128 694 1181 primus
733 1130 951 1168 accusator
992 1126 1158 1167 incedit.
1220 1128 1322 1166 tunc
1360 1126 1427 1167 de-

81 1202 197 1229 mum
231 1187 434 1228 clamatus
468 1187 683 1227 inducitur
721 1186 847 1227 etiam
886 1200 982 1227 reus
1015 1188 1057 1226 et
1095 1185 1287 1239 exemplo
1320 1184 1427 1239 legis

2 1288 3 1296 ,
81 1246 249 1288 Atticae
292 1245 520 1299 Martiique
569 1246 713 1286 iudicii
765 1260 912 1286 causae
962 1244 1153 1299 patronis
1204 1244 1425 1285 denuntiat

2 1336 3 1339 =
27 1323 60 1347 ρο
80 1320 228 1360 praeco
255 1319 390 1359 neque
416 1305 624 1359 principia
648 1305 783 1345 dicere
810 1318 944 1358 neque
971 1303 1286 1344 miserationem
1314 1317 1423 1344 com-

80 1379 259 1406 mouere.
309 1363 411 1404 haec
438 1364 489 1404 ad
515 1364 645 1404 istum
672 1364 844 1404 modum
871 1366 992 1418 gesta
1018 1362 1307 1416 compluribus
1334 1377 1423 1402 mu-

80 1427 153 1465 tuo
198 1422 577 1464 sermocinantibus
629 1423 820 1477 cognoui.
890 1422 1044 1476 quibus
1096 1424 1236 1462 autem
1281 1421 1423 1462 uerbis

81 1485 298 1524 accusator
329 1482 496 1535 (rama)
522 1482 688 1535 urserit,
722 1481 876 1536 quibus
902 1481 1027 1522 rebus
1055 1480 1227 1521 diluerit
1252 1495 1347 1521 reus
1376 1495 1422 1521 ac

80 1556 253 1596 prorsus
295 1541 505 1582 orationes
548 1540 926 1594 altercationesque
971 1554 1106 1594 neque
1146 1540 1235 1593 ipse
1274 1540 1426 1580 absens

3 1621 5 1633 ‹
29 1617 62 1642 25
83 1600 193 1655 apud
217 1600 484 1654 praesepium
511 1600 616 1641 scire
642 1600 816 1653 (potui)
842 1614 977 1653 neque
1005 1599 1056 1639 ad
1082 1613 1158 1639 uos
1182 1613 1288 1652 quae
1308 1599 1426 1654 igno-

81 1659 174 1700 raui
199 1673 372 1713 possum
399 1659 629 1713 enuntiare,
656 1659 729 1699 sed
755 1673 861 1712 quae
886 1658 1009 1712 plane
1037 1658 1222 1711 comperi
1249 1658 1301 1698 ad
1321 1658 1425 1698 istas

80 1719 246 1760 litteras
271 1718 492 1771 proferam.
544 1717 672 1758 simul
698 1718 810 1758 enim
836 1718 957 1758 finita
983 1720 1047 1758 est
1073 1717 1303 1758 dicentium
1332 1731 1426 1757 con-

81 1778 214 1819 tentio
235 1777 458 1818 ueritatem
480 1777 703 1818 criminum
723 1776 933 1830 fidemque
954 1776 1276 1830 probationibus
1298 1776 1424 1816 certis

6 1871 7 1883 ,
82 1837 235 1878 instrui
266 1850 342 1876 nec
374 1836 685 1890 suspicionibus
723 1838 885 1876 tantam
918 1836 1202 1877 coniecturam
1234 1835 1425 1888 permitti

24 1912 64 1937 ¹30
83 1895 242 1949 placuit
275 1897 399 1948 atque
426 1894 546 1935 illum
572 1894 843 1948 potissimum
870 1909 1052 1948 seruum,
1084 1894 1157 1948 qui
1184 1893 1298 1934 solus
1324 1893 1427 1934 haec

7 1957 8 1963 ’
84 1955 144 1995 ita
170 1957 289 2009 gesta
315 1968 405 1994 esse
432 1953 538 1995 scire
559 1954 779 2008 diceretur,
811 1954 905 1994 sisti
931 1953 1068 1994 modis
1090 1953 1286 1993 omnibus
1307 1967 1425 2006 opor-

206 2109 228 2138 4
272 2104 497 2151 <oportere>
543 2105 682 2139 inserui
723 2106 767 2148 cf.
802 2108 879 2140 186.
902 2108 945 2138 20
1092 2108 1133 2137 15
1176 2103 1336 2140 Euenir&
1380 2103 1426 2136 F1

90 2154 203 2185 1516
230 2153 336 2199 &tem
363 2151 391 2185 F
483 2154 527 2184 20
552 2157 706 2195 peoneq3
733 2166 760 2196 φ
785 2156 938 2196 ῇοοηέᾳς
965 2152 1055 2195 ng
1146 2155 1190 2185 23
1216 2152 1256 2184 in
1281 2150 1307 2183 F
1336 2151 1426 2184 inter

89 2200 283 2232 accusator
319 2203 351 2233 et
388 2198 521 2232 urserit
559 2199 732 2233 lacunula
762 2203 877 2242 extat,
915 2201 953 2233 εἴη
987 2213 1014 2243 φ
1052 2210 1138 2232 man
1174 2209 1241 2233 rec.
1275 2198 1426 2231 inseruit

89 2255 202 2279 reum.
236 2246 337 2281 Haec
355 2247 509 2291 uestiyia
529 2250 668 2280 secutus
686 2257 764 2280 sum
836 2245 968 2280 arserit
994 2245 1041 2279 ΡΞ
1114 2250 1156 2279 ‘25
1182 2244 1342 2290 (potui)
1370 2245 1425 2277 ιῖἠ-

89 2317 185 2350 seruc'
199 2316 243 2358 ef.
261 2319 337 2351 172.
354 2320 397 2350 30
465 2319 509 2350 30
522 2315 756 2360 potissimum
770 2316 817 2350 122
840 2297 1044 2365 giptissimii
1059 2316 1139 2359 F¹q>
1150 2317 1171 2349 ὃ
1232 2318 1273 2347 31
1289 2314 1384 2348 iesta
1397 2314 1424 2347 F

1076 2378 1117 2407 15
1127 2374 1143 2391 *
