1591 2556
581 74 682 109 CAP.
709 74 860 108 VII—X
874 112 878 114 ,
1313 76 1393 116 101

13 183 15 210 i
51 171 229 212 tacitum
260 171 520 225 proderetur,
552 184 654 211 auro
686 169 798 211 facto
826 171 1139 225 gemmosisque
1165 171 1396 213 monilibus

13 249 15 283 ρ
52 232 228 271 onustas
260 244 329 271 eas
362 229 504 271 statim
539 224 914 283 uocato—Zephyro
948 230 1078 270 tradit
1109 231 1396 284 reportandas.

13 287 14 295 ¹
140 287 279 329 VIIII.
342 287 433 337 Quo
471 291 674 342 protenus
712 291 955 342 perpetrato
995 303 1159 330 sorores
1202 290 1396 344 egregiae

12 337 14 397 J
52 348 225 389 domum
256 348 478 389 redeuntes
511 347 679 401 iamque
712 347 930 402 gliscentis
969 347 1154 389 inuidiae
1186 348 1283 389 felle
1315 349 1395 389 fra-

12 412 27 447 ¹.
52 407 216 461 glantes
248 406 383 447 multa
415 421 556 448 36611111
584 407 850 448 sermonibus
876 407 1036 448 mutuis
1063 408 1395 461 perstrepebant.

12 472 13 481 ¹
52 467 112 507 316
144 466 324 520 denique
356 465 452 507 infit
477 465 609 507 altera

139 524 222 566 ‘En
254 525 357 566 orba
388 528 430 566 et
461 539 587 566 saeua
618 527 659 566 61
692 525 836 579 iniqua
867 524 1076 566 Fortuna!
1125 525 1276 566 hocine
1315 525 1396 566 tibi

51 583 317 638 complacuit,
342 586 390 625 ut
416 586 597 638 utroque
623 585 778 637 (pari)
798 587 971 638 parente
997 587 1229 639 prognatae
1255 585 1396 638 <tam>

50 643 260 684 diuersam
305 645 463 684 sortem
504 643 809 685 sustineremus
851 647 892 684 et
934 658 1011 684 nos
1056 643 1244 698 quidem,
1289 658 1395 697 quae

10 718 12 746 s
50 705 153 743 natu
185 702 365 743 maiores
398 717 564 756 sumus,
604 702 770 743 maritis
803 703 976 744 aduenis
1009 703 1185 744 ancillae
1218 703 1396 757 deditae,

10 808 11 812 ¹
52 764 241 802 extorres
280 764 322 803 et
352 761 438 802 lare
480 764 522 802 et
559 762 651 816 ipsa
687 762 825 816 patria
857 762 1059 817 degamus
1092 761 1217 817 longe
1249 777 1395 815 paren-

10 857 11 875 ,
50 823 141 862 tum
173 820 292 862 uelut
317 820 547 874 exulantes,
578 821 681 862 haec
708 825 849 863 autem
880 821 1125 875 nouissima,
1153 836 1278 875 quam
1304 821 1395 862 fetu

9 886 11 922 Ξ
50 879 231 921 satiante
263 883 502 934 postremus
534 883 682 934 partus
715 881 875 934 effudit,
907 881 1038 922 tantis
1066 880 1217 934 opibus
1250 883 1292 921 61
1318 880 1394 921 deo
1426 930 1428 932 γ

9 954 11 983 f
50 939 204 980 marito
246 939 383 993 potita
421 939 493 993 sit,
535 954 641 993 quae
679 955 755 981 nec
787 940 851 981 uti
883 943 995 981 recte
1034 943 1153 981 tanta
1184 940 1394 980 bonorum

9 1002 11 1022 .
50 998 171 1052 copia
202 998 352 1039 nouit?
391 998 556 1051 uidisti,
589 1013 725 1052 soror,
759 1002 915 1053 quanta
949 1000 992 1040 in
1025 999 1149 1040 domo
1182 999 1320 1040 iacent
1353 1002 1396 1040 et

4 1058 10 1106 ¹j
50 1056 192 1111 qualia
211 1057 398 1111 monilia,
425 1072 530 1111 quae
550 1059 792 1111 praenitent
816 1062 970 1111 uestes,
997 1073 1104 1112 quae
1130 1058 1395 1112 splendicant

4 1123 10 1165 j,
50 1129 252 1171 gemmae,
285 1119 490 1170 quantum
517 1120 734 1170 praeterea
760 1118 817 1171 [p.
840 1118 905 1158 84.
926 1117 994 1171 E]
1022 1118 1180 1171 passim
1208 1117 1394 1158 calcatur

8 1179 9 1206 1
49 1189 209 1216 311111111.
261 1175 373 1229 quod
399 1176 435 1216 si
466 1176 667 1217 maritum
700 1176 828 1217 etiam
859 1180 947 1218 13111
979 1176 1243 1218 formonsum
1276 1179 1393 1217 tenet

4 1234 9 1289 ¹
49 1237 96 1274 ut
128 1234 324 1288 affirmat,
356 1234 472 1275 nulla
503 1249 613 1276 nunc
640 1236 683 1276 in
710 1236 810 1277 orbe
837 1238 927 1277 toto
954 1235 1118 1277 felicior
1143 1236 1264 1276 uiuit.
1308 1235 1392 1276 for-

8 1290 9 1293 '
48 1292 174 1333 tassis
201 1296 343 1334 tamen
374 1294 626 1347 procedente
659 1295 962 1336 consuetudine
995 1298 1036 1336 et
1063 1295 1297 1336 adfectione
1330 1309 1393 1335 ro-

7 1380 8 1383 =
47 1351 196 1393 borata
234 1352 353 1393 deam
392 1367 560 1407 quoque
597 1353 714 1394 illam
753 1354 854 1394 deus
892 1354 1072 1394 maritus
1105 1354 1270 1395 efficiet.
1333 1354 1393 1395 316

7 1436 8 1469 3
47 1414 111 1452 est
142 1411 345 1465 hercules,
378 1412 438 1452 sic
470 1426 514 1453 se
546 1413 719 1466 gerebat
751 1413 1008 1467 ferebatque.
1072 1413 1155 1454 iam
1188 1414 1272 1454 iam
1306 1427 1393 1453 sur—

7 1471 8 1518 }
47 1470 347 1524 sumrespicit
379 1474 421 1511 et
452 1471 573 1512 deam
606 1472 739 1525 spirat
771 1472 937 1525 mulier,
970 1487 1075 1526 quae
1109 1487 1235 1513 uoces
1267 1471 1391 1513 ancil-

6 1551 8 1589 1
45 1529 108 1570 133
139 1528 267 1570 habet
300 1533 342 1571 et
372 1530 513 1570 uentis
545 1530 649 1584 ipsis
682 1531 909 1585 imperitat.
954 1534 997 1572 at
1023 1545 1102 1585 ego
1129 1532 1283 1572 misera
1310 1531 1392 1585 pri-

6 1606 8 1621 »
45 1603 162 1629 mum
193 1591 313 1642 patre
344 1604 438 1630 meo
471 1589 680 1631 seniorem
717 1591 918 1632 maritum
959 1591 1110 1631 sortita
1142 1606 1257 1644 sum,
1296 1590 1392 1631 dein

45 1647 264 1703 cucurbita
296 1648 524 1689 caluiorem
557 1651 598 1690 et
631 1650 783 1703 quouis
814 1664 946 1703 puero
977 1649 1262 1703 pusilliorem,
1295 1664 1392 1690 61111-

6 1761 7 1772 *
45 1708 156 1752 ctam
195 1707 367 1748 domum
405 1707 508 1749 seris
548 1711 589 1749 et
627 1709 786 1750 catenis
825 1709 1013 1750 obditam
1053 1709 1391 1750 custodientem.⁷

138 1861 157 1891 2
183 1835 358 1892 honustas
385 1871 412 1902 φ
439 1860 483 1902 cf.
511 1862 566 1893 88.
583 1863 602 1893 2
683 1863 703 1892 3
728 1860 898 1904 protinus
927 1874 953 1904 φ
1034 1864 1064 1895 3.
1081 1865 1100 1894 ἵ)
1128 1860 1334 1905 fraglantes
1361 1860 1388 1892 F

5 1943 6 1947 Ἰ
42 1903 244 1949 flagrantes
272 1918 299 1949 φ
332 1905 359 1949 (l
385 1917 429 1940 eoe
453 1918 480 1950 r,
507 1918 524 1939 r
550 1918 593 1941 eoe
617 1906 630 1940 1
656 1909 760 1952 corr.)
872 1912 889 1941 7
924 1907 1015 1942 orba
1042 1909 1086 1951 cf.
1115 1911 1254 1942 142.18
1284 1908 1388 1951 Corp.

4 1949 6 1992 3¹
45 1951 159 1987 Gloss.
185 1952 270 1987 Lat.
296 1953 341 1986 Π.
363 1964 401 1997 p.
425 1957 491 1987 139
537 1954 647 1989 orbus
678 1967 794 1998 πηρος
826 1955 991 1999 ὄρφανος
1020 1958 1156 1999 τυφλος
1254 1958 1273 1989 S
1306 1954 1388 1998 pari

4 2011 6 2047 ³.
41 2000 194 2034 inseruit
206 2000 297 2034 Bsw.
320 2000 420 2035 Orus.
449 1999 636 2047 (eodem)
652 2001 824 2037 Michael.
850 2002 985 2048 (tam)
1006 2004 1073 2037 ins.
1091 2001 1192 2037 Orus.
1261 2006 1302 2035 12
1324 2012 1388 2035 110-

4 2047 5 2073 ἶ
41 2045 235 2081 uissimam
260 2048 283 2081 δ
386 2051 428 2081 13
456 2047 622 2082 sociante
649 2050 671 2082 ὃ
769 2054 810 2084 16
838 2048 1074 2094 splendicant
1099 2051 1139 2094 ὃ,
1172 2050 1227 2084 W.
1266 2048 1387 2093 splen—

5 2115 6 2118 ’
43 2116 165 2151 ditant
190 2117 252 2161 Fq)
291 2118 336 2161 cf'.
363 2122 418 2152 91.
435 2122 496 2162 213
524 2122 636 2154 122.1
744 2124 786 2153 21
817 2105 890 2155 dea?
916 2120 943 2153 F
970 2122 1003 2165 (e
1029 2132 1072 2155 esc
1097 2120 1110 2154 i
1136 2122 1239 2164 corr.)
1285 2120 1332 2153 da
1359 2133 1386 2162 φ

42 2168 86 2197 24
111 2163 302 2209 imperitat
327 2165 355 2198 F
381 2165 541 2210 imperat
567 2179 594 2209 φ
626 2166 794 2210 impertit
819 2169 842 2201 ἃ
938 2172 993 2202 25.
1010 2172 1053 2201 26
1082 2167 1167 2201 dein
1193 2166 1386 2201 cucurbita

36 2211 267 2255 glabriorem
304 2214 342 2247 et
378 2212 511 2256 quouis
549 2224 663 2257 puero
705 2214 942 2258 pumiliorem
975 2216 997 2249 ὃ
1046 2215 1264 2259 Fulgentius
1302 2213 1387 2246 XIV

40 2258 217 2303 (Lersch):
244 2259 376 2302 quouis
396 2271 510 2304 puero
535 2260 769 2304 pomiliorem
795 2264 832 2296 et
858 2262 1051 2296 cucurbita
1077 2261 1310 2306 glabrionem
1339 2261 1383 2303 cf.

41 2305 215 2340 Mnemos.
245 2309 345 2341 1896,
371 2319 406 2351 p.
428 2311 494 2340 221
592 2311 634 2341 27
662 2308 770 2342 serris
796 2309 823 2342 F
862 2309 968 2344 ferris
996 2323 1023 2353 φ
