1591 2556
20 743 53 767 10

0 1016 53 1061 ¹15

0 1328 55 1356 '20

23 1626 56 1652 25

622 96 722 131 CAP.
747 86 877 129 n-V'
1335 97 1413 137 191

73 192 344 247 pertinaciter
375 192 535 233 durare.
585 191 684 234 IIII.
714 192 796 233 1100
828 192 939 232 enim
971 191 1092 232 libris
1125 193 1252 233 etiam
1278 193 1418 247 pristi-

73 252 139 293 nis
179 251 396 306 proditum
438 251 655 292 obseruari
696 251 840 292 solere.
903 251 985 291 isto
1029 250 1186 305 placito
1230 266 1306 292 uas
1344 252 1419 292 im-

73 325 194 352 mane
236 309 458 351 ¹confestim
497 325 628 364 aquae
665 310 904 364 perlucidae
943 311 992 351 de
1029 310 1224 364 proximo
1262 312 1420 364 petitae

72 369 190 410 fonte
223 371 469 410 cunctantes
502 369 638 410 adhuc
665 369 849 410 offerunt
874 369 991 409 mihi.
1043 371 1086 409 at
1112 383 1189 424 ego
1217 370 1307 410 sine
1333 370 1421 410 ulla

73 443 192 469 mora
222 442 473 483 progressus
505 429 632 469 etiam
665 428 791 469 obuio
819 429 952 483 gradu
979 429 1082 469 satis
1109 429 1302 469 sitienter
1326 443 1419 482 pro—

73 502 153 528 nus
191 490 232 528 et
269 490 409 528 totum
447 491 574 542 caput
611 487 794 528 inferens
834 487 1039 528 salutares
1083 502 1180 528 uere
1225 487 1420 542 equidem

73 546 168 588 illas
201 561 330 601 aquas
362 546 620 587 hauriebam.
683 547 851 600 iamque
889 549 931 587 et
961 546 1135 600 plausus
1174 561 1345 587 manum
1379 550 1421 587 et

74 606 239 646 aurium
265 606 400 646 flexus
427 609 469 646 et
495 606 667 647 ductum
699 606 872 659 capistri
905 609 947 646 et
976 606 1146 660 quiduis
1173 605 1288 646 aliud
1312 606 1418 659 peri-

74 665 313 706 clitantium
358 664 521 719 placide
567 665 776 719 patiebar,
823 665 962 719 quoad
1008 667 1155 705 contra
1195 679 1420 705 uaesanam

73 739 217 765 eorum
238 724 626 778 praesumptionem
647 724 898 765 modestiam
919 738 1055 764 meam
1076 724 1238 778 liquido
1257 724 1420 765 cunctis

73 783 360 837 adprobarem.

159 841 229 883 Ad
272 843 402 883 istum
446 842 618 882 modum
656 842 792 883 uitato
832 842 990 896 duplici
1028 841 1215 895 periculo
1255 842 1320 882 die
1359 857 1419 882 se-

74 901 221 955 quenti
252 916 421 942 rui-sum
454 901 610 941 diuinis
644 901 809 942 exuuiis
842 904 1019 942 onustus
1052 916 1148 942 011111
1181 901 1352 942 crotalis
1379 904 1422 941 et

74 960 278 1014 cymbalis
320 960 700 1001 circumforaneum
737 960 1080 1001 mendicabulum
1121 960 1332 1014 producor
1369 960 1421 1000 ad

72 1019 198 1060 uiam.
260 1034 336 1060 nec
368 1019 514 1073 paucis
552 1019 705 1060 casulis
738 1022 864 1074 atque
898 1019 1082 1060 castellis
1115 1020 1321 1060 oberratis
1354 1019 1420 1060 de-

72 1079 279 1119 uertimus
317 1078 370 1119 ad
408 1079 649 1132 quempiam
687 1093 843 1133 pagum
881 1079 999 1119 urbis
1033 1078 1257 1132 opulentae
1290 1093 1421 1132 quon-

74 1138 187 1191 dam,
224 1140 272 1178 ut
303 1137 596 1178 memorabant
632 1138 811 1191 incolae,
849 1137 960 1178 inter
998 1138 1202 1178 semiruta
1239 1137 1422 1192 uestigia

73 1196 291 1237 eonditum
325 1199 366 1237 et
396 1196 584 1249 hospitio
611 1197 810 1250 proxumi
837 1196 993 1237 stabuli
1020 1196 1179 1250 recepti
1205 1196 1420 1251 cognosci-

73 1270 168 1297 mus
200 1255 383 1309 lepidam
417 1255 467 1296 de
506 1255 712 1296 adulterio
745 1256 941 1309 <uxoris>
973 1256 1190 1296 cuiusdam
1223 1255 1422 1309 pauperis

73 1314 274 1367 fabulam,
307 1329 433 1368 quam
465 1329 542 1355 uos
575 1315 702 1355 etiam
736 1315 1001 1369 cognoscatis
1034 1314 1143 1355 uolo.

163 1372 213 1414 V.
245 1372 287 1414 Is
315 1373 463 1428 gracili
488 1374 689 1427 pauperie
708 1373 906 1414 laborans
931 1374 1104 1415 fabriles
1131 1389 1280 1427 operas
1305 1389 1421 1427 prae-

73 1432 211 1474 bendo
237 1432 381 1486 paruis
408 1431 494 1473 illis
519 1433 784 1474 mercedibus
811 1433 947 1473 uitam
967 1433 1149 1474 tenebat.
1191 1436 1281 1473 erat
1301 1433 1339 1474 ei
1360 1435 1422 1473 ta-

74 1507 171 1533 men
196 1491 399 1532 uxorcula
428 1491 568 1545 etiam,
590 1492 693 1532 satis
717 1492 887 1546 quidem
914 1492 1054 1533 tenuis
1081 1495 1122 1532 et
1149 1492 1252 1546 ipsa,
1272 1507 1421 1533 uerum

75 1553 217 1591 tamen
241 1553 457 1604 postrema
481 1550 656 1592 lasciuia
680 1551 998 1605 famigerabilis.
1049 1551 1122 1592 sed
1149 1551 1214 1591 die
1241 1551 1422 1605 quadam

77 1609 177 1650 dum
221 1609 431 1650 matutino
476 1609 547 1650 ille
592 1610 644 1650 ad
689 1624 794 1664 opus
839 1614 1083 1664 susceptum
1127 1610 1424 1664 proficiscitur,

77 1669 222 1709 statim
258 1668 440 1709 latenter
477 1669 634 1723 inrepit
672 1669 761 1710 eius
798 1669 1033 1723 hospitium
1073 1670 1322 1710 temerarius
1354 1669 1422 1709 ad-

76 1727 198 1768 ulter.
262 1742 308 1768 ac
340 1727 440 1768 dum
471 1728 639 1769 ueneris
672 1728 1058 1770 conluctationibus
1098 1729 1286 1770 securius
1326 1743 1420 1782 ope-

76 1789 235 1840 rantur,
267 1786 446 1827 maritus
478 1787 651 1841 ignarus
683 1802 825 1839 rerum
857 1802 903 1828 ac
931 1787 1040 1828 nihil
1066 1788 1194 1829 etiam
1220 1791 1312 1828 tum
1338 1787 1421 1828 tale

78 1845 296 1900 suspicans
328 1845 571 1899 inprouisus
597 1845 833 1900 hospitium
860 1847 1025 1901 repetit.
1075 1847 1243 1901 iamque
1269 1846 1424 1887 clausis

78 1907 120 1945 et
151 1904 358 1946 obseratis
391 1904 553 1945 foribus
586 1905 730 1946 uxoris
762 1905 932 1946 laudata
964 1906 1225 1947 continentia
1251 1906 1421 1946 ianuam

78 1963 236 2018 pulsat,
287 1963 412 2004 sibilo
464 1963 590 2004 etiam
640 1965 921 2018 praesentiam
972 1980 1091 2006 suam
1136 1965 1422 2006 denuntiante.

1214 2095 1230 2126 Ῐ
1255 2112 1384 2137 uergens

173 2142 193 2171 3
218 2138 338 2183 petito
358 2138 405 2172 F2
471 2143 492 2172 4
519 2138 656 2184 adhuc]
678 2139 726 2173 ad
744 2139 814 2174 hoc
834 2139 897 2183 Fq)
925 2140 973 2174 ad
992 2139 1060 2174 hec
1081 2141 1103 2174 δ
1165 2144 1185 2174 6
1211 2140 1373 2174 inferens
1394 2139 1421 2172 F

79 2195 235 2229 uergens
268 2187 359 2234 926¹g
402 2185 567 2220 inserens
593 2187 669 2221 Pet.
781 2190 799 2220 7
835 2198 986 2221 manum
1011 2186 1038 2220 F
1082 2198 1257 2221 manuum
1285 2200 1312 2230 φ
1356 2197 1422 2220 113-

79 2232 174 2266 tium
201 2233 305 2267 Corn.
429 2237 471 2266 13
505 2233 649 2267 exubiis
674 2233 761 2277 Fcp¹
883 2238 924 2268 19
951 2233 1133 2281 <uxoris>
1160 2235 1315 2276 inserui,
1346 2244 1422 2268 non

80 2280 174 2314 em'm
198 2281 352 2315 maritus
376 2285 453 2315 erat
479 2281 622 2316 adulter.
718 2284 760 2314 21
793 2281 824 2315 is
852 2295 879 2326 φ
916 2281 976 2315 hic
1002 2282 1029 2315 F
1062 2283 1136 2325 (sed
1160 2293 1224 2316 scr.
1252 2293 1296 2315 m.
1322 2292 1351 2315 r.
1380 2282 1421 2314 in

81 2332 167 2367 ras.)
193 2327 248 2370 dg
333 2331 386 2361 21.
403 2332 445 2362 22
472 2328 621 2373 §hendo
642 2328 719 2362 Ρῑὸ
750 2328 905 2373 {hendo
927 2343 954 2373 φ
986 2329 1176 2372 phendens
1204 2328 1280 2372 F2g
