1591 2556
140 113 198 153 50
710 112 839 147 LIBRI
868 111 919 146 III

228 207 326 250 IIII.
389 206 458 250 Sic
494 208 686 263 profatus
725 211 943 250 accusator
984 208 1212 250 acerrimus
1252 208 1481 251 immanem

140 282 289 309 uocem
320 267 529 321 repressit.
593 282 639 309 ac
675 282 742 309 me
781 268 924 309 statim
963 282 1130 322 praeco,
1169 267 1310 322 siquid
1351 268 1403 309 ad
1433 283 1483 310 ea

140 327 392 382 respondere
423 326 589 381 uellem,
620 326 793 368 iubebat
823 326 1017 380 incipere.
1069 329 1112 367 at
1138 340 1216 381 ego
1247 326 1356 368 nihil
1380 329 1482 368 tunc

140 386 344 440 temporis
376 385 558 439 amplius
588 400 713 439 quam
746 386 845 427 flere
876 388 1079 439 poteram,
1109 400 1194 427 non
1220 389 1308 427 tam
1333 385 1478 427 hercu-

138 445 201 487 les
232 444 514 486 truculentam
547 444 857 486 accusationem
889 444 1057 485 intuens
1090 440 1215 498 quam
1242 459 1378 486 meam
1404 444 1479 486 mi·
1499 466 1517 492 5

140 519 275 545 seram
297 503 609 545 conscientiam.
651 503 723 543 sed
744 506 885 544 tamen
907 503 1057 544 oborta
1076 503 1280 545 diuinitus
1307 503 1482 545 audacia

141 564 200 605 sic
233 563 285 604 ad
316 562 390 603 illa

228 621 331 663 ‘Nec
364 621 453 675 ipse
486 621 666 676 ign0r0'‚
690 621 915 674 (inquam)
942 620 1084 674 ‘quam
1111 621 1167 661 sit
1193 621 1382 675 arduum,
1408 621 1480 662 tri-

138 682 204 722 nis
235 680 392 722 ciuium
425 680 673 734 corporibus
699 679 915 733 expositis,
941 693 1037 720 eum
1070 680 1142 734 qui
1169 680 1307 721 caedis
1333 693 1480 735 argua-

137 743 208 781 tur
240 742 282 781 et
313 739 363 781 de
394 739 506 780 facto
545 739 796 780 confiteatur
833 738 964 792 ultro,
995 739 1187 791 quamuis
1225 753 1323 780 vera
1359 740 1478 795 dicat,
1498 760 1534 786 10

138 802 279 840 tamen
305 801 448 839 tantae
474 798 740 839 multitudini
768 797 880 851 quod
906 797 963 838 sit
988 797 1189 839 innocens
1214 798 1476 852 persuadere.

138 858 211 899 sed
243 858 278 898 si
310 857 525 912 paulisper
556 857 813 898 audientiam
845 856 1015 910 publica
1046 856 1151 898 mihi
1183 857 1381 898 tribuerit
1404 856 1479 898 hu-

137 917 332 976 manitas
363 916 486 958 facile
517 931 595 958 uos
627 916 808 958 edocebo
840 930 907 956 me
940 915 1165 957 discrimen
1206 916 1356 970 capitis
1393 930 1478 957 non

137 990 231 1017 meo
244 976 396 1017 merito
411 976 600 1029 <suber-2>
620 976 691 1017 sed
711 974 977 1016 rationabilis
997 974 1302 1029 indignationis
1322 977 1477 1016 euentu

136 1035 313 1076 fortuito
346 1037 509 1076 tantam
542 1034 730 1075 criminis
762 1033 966 1075 inuidiam
997 1034 1157 1074 frustra
1188 1034 1409 1075 sustinere.
1497 1053 1532 1080 15

225 1093 276 1135 V.
326 1093 438 1135 Nam
465 1108 561 1135 cum
589 1108 613 1134 a
639 1108 740 1134 cena
765 1107 831 1133 me
853 1093 988 1133 serius
1008 1093 1226 1147 aliquanto
1246 1093 1476 1147 reciperem

136 1152 383 1206 potulentus
416 1152 621 1207 alioquin,
660 1152 773 1206 quod
804 1151 926 1205 plane
958 1166 1106 1192 uerum
1147 1152 1306 1193 crimen
1335 1166 1476 1193 meum

137 1227 222 1253 non
255 1211 489 1265 diffitebor,
522 1214 618 1252 ante
651 1211 765 1265 ipsas
796 1211 908 1252 fores
939 1210 1116 1269 hospitii
1147 1236 1204 1239 —
1235 1211 1289 1252 ad
1317 1210 1477 1252 bonum

136 1273 279 1312 autem
311 1270 514 1312 Milonem
547 1271 683 1311 ciuem
715 1272 906 1311 uestrum
932 1269 1108 1310 deuorto
1129 1295 1185 1298 —
1204 1269 1328 1311 uideo
1354 1284 1477 1324 quos-

137 1330 232 1371 dam
265 1330 536 1371 saeuissimos
568 1330 755 1371 latrones
783 1329 944 1370 aditum
970 1331 1228 1383 temptantes
1255 1331 1297 1370 et
1328 1328 1477 1370 domus
1497 1348 1533 1374 20

136 1389 283 1430 ianuas
333 1389 574 1430 cardinibus
625 1388 807 1430 obtortis
857 1387 1036 1429 euellere
1087 1388 1317 1443 gestientes
1367 1387 1476 1429 clau-

137 1448 321 1502 strisque
359 1448 573 1501 omnibus,
615 1462 721 1502 quae
763 1447 1078 1489 accuratissime
1123 1447 1261 1487 adfixa
1297 1446 1478 1501 fuerant,

136 1506 346 1548 uiolenter
383 1506 542 1548 euulsis
583 1521 725 1548 secum
763 1506 847 1547 iam
886 1506 935 1546 de
975 1505 1307 1546 inhabitantium
1345 1505 1476 1547 exitio

136 1565 426 1607 deliberantes.
478 1580 586 1606 unus
614 1565 793 1619 denique
825 1567 868 1606 et
892 1579 1020 1605 manu
1052 1565 1290 1619 promptior
1321 1567 1364 1605 et
1389 1579 1476 1606 cor-

134 1639 236 1678 pore
262 1625 424 1666 uastioi
454 1624 522 1665 his
555 1624 665 1665 adfa-
699 1624 756 1678 [p.
774 1623 925 1678 4213]
958 1624 1074 1664 tibus
1107 1626 1150 1665 et
1181 1627 1342 1665 ceteros
1374 1623 1474 1665 inci·
1493 1642 1529 1668 25

134 1684 253 1725 tabat
298 1683 418 1725 ‘heus
460 1684 593 1737 pueri,
634 1698 760 1738 quam
801 1682 989 1724 maribus
1031 1683 1183 1724 animis
1227 1685 1270 1723 et
1311 1682 1476 1724 uiribus
1511 1684 1513 1687 ’

135 1742 344 1784 alacribus
389 1743 645 1784 dormientes
690 1737 995 1797 adffrediamur.
1070 1742 1206 1783 omnis
1251 1741 1476 1796 cunctatio,

134 1802 306 1856 ignauia
338 1802 475 1843 omnis
507 1802 690 1844 facessat
723 1816 743 1843 e
744 1776 960 1856 ‘’pedm-:e
992 1801 1139 1842 stiicto
1171 1815 1370 1842 mucrone
1401 1815 1477 1854 per

236 1968 253 1998 1
291 1965 433 2012 &pha-Q
466 1964 493 1998 F
615 1964 801 2008 accessim;
837 1964 921 2006 F¹q>
1041 1966 1062 1997 8
1095 1962 1303 2010 <inquam>
1335 1964 1475 1998 inserui

135 2014 178 2045 10
204 2011 375 2054 quamuis
390 2033 434 2036 —
450 2011 551 2046 dicat
576 2013 802 2056 transposui:
828 2013 868 2045 in,
893 2012 970 2046 cdd.
992 2012 1161 2056 leyuntwr
1180 2014 1263 2055 post
1294 2012 1474 2055 arguatur

135 2062 248 2093 11.12
275 2058 328 2092 sic
354 2060 413 2102 φὸ
497 2059 697 2104 psuaderes
725 2070 768 2093 ea
794 2058 825 2092 si
850 2058 917 2100 qu
1016 2061 1058 2092 12
1088 2056 1240 2102 publica
1265 2067 1344 2103 eyo,
1369 2057 1474 2093 Koch

133 2105 202 2140 Rh.
224 2105 280 2139 M.
306 2104 417 2141 XXX.
440 2109 507 2140 537
532 2105 723 2149 publicam
742 2106 770 2139 F
795 2104 944 2150 puplica
965 2105 1014 2147 (72¹
1038 2103 1189 2149 puplica
1209 2103 1259 2147 φ2
1281 2105 1328 2147 cf.
1344 2107 1470 2147 29.10;

133 2156 403 2195 43.1.19.23;
432 2157 569 2187 159.14
680 2157 722 2187 14
756 2151 936 2206 <subire>
968 2153 1035 2186 ins.
1063 2152 1187 2186 Rome
1292 2154 1334 2185 15
1373 2151 1471 2186 tanti

132 2200 258 2235 Rohde
276 2200 352 2235 coll.
373 2211 425 2234 us.
436 2203 491 2234 41
502 2204 523 2233 4
594 2203 634 2233 21
659 2200 825 2234 obtortas
847 2208 876 2242 φ
904 2212 926 2234 2
942 2211 987 2233 m.
1014 2197 1171 2250 obtortis
1240 2202 1283 2232 ‘25
1304 2200 1342 2233 et
1361 2210 1426 2233 om
1442 2211 1470 2242 φ

133 2250 177 2280 26
202 2246 350 2299 puerssss
365 2258 477 2290 quam
501 2257 589 2284 corr.
616 2248 658 2281 m
682 2246 813 2293 pueris]
836 2257 947 2290 quam
973 2246 1059 2291 (fuit
1083 2244 1236 2289 inquam
1260 2249 1301 2280 ut
1325 2247 1417 2290 uid)
1442 2244 1471 2278 F

132 2293 222 2328 heus
248 2293 353 2338 pueri
373 2293 496 2337 inquit
514 2293 716 2328 maioribus
738 2303 767 2337 φ
801 2294 834 2329 11
855 2306 891 2338 p
912 2292 1034 2336 inquit
1052 2292 1224 2327 manibus
1250 2293 1274 2327 ὃ
1347 2295 1390 2329 28
1415 2291 1471 2326 fa-

133 2342 254 2375 cessat
279 2342 302 2375 ὃ
341 2340 500 2377 facesset
525 2341 624 2386 qug
648 2341 688 2375 E.
