1591 2556
140 102 195 142 14
726 98 854 133 LIBRI
877 99 894 133 1

227 197 414 252 Emergo
446 196 583 238 laetus
616 198 742 250 atque
774 195 910 236 alacer
948 194 1161 248 insperato
1201 193 1354 248 gaudio
1391 208 1482 248 per-

137 257 257 298 fusus
279 258 321 297 et
341 256 466 297 ‘ecce’
485 255 621 309 <ai0>7
641 255 812 296 ‘ianitor
831 253 1088 307 fidelissime,
1115 267 1255 294 comcs
1283 252 1344 307 [et
1362 255 1482 306 pater

137 315 275 370 meus]
302 318 345 356 et
369 315 500 355 frater
526 329 657 368 meus,
684 329 808 368 quem
835 316 958 354 nocte
985 312 1126 354 ebrius
1153 312 1339 353 occisum
1365 326 1389 352 a
1413 326 1480 353 me

138 374 479 416 calumniabaris’
513 376 555 414 et
586 388 681 414 cum
715 373 827 414 dicto
858 371 1059 413 Socraten
1092 370 1366 412 deosculabar
1397 385 1480 411 am-

138 433 298 487 plexus.
349 436 393 474 at
418 432 488 473 ille
515 432 642 473 odore
670 431 857 485 alioquin
884 430 1147 484 spurcissimi
1172 429 1364 470 humoris
1389 444 1479 483 per·
1498 445 1515 472 5

137 507 303 546 cussus⁷
344 506 427 546 quo
466 506 533 531 me
570 490 741 531 Lamiae
780 489 875 531 illae
914 489 1163 543 infecerant,
1206 488 1480 530 uehementer

138 553 386 605 aspernatur
413 550 560 604 ‘apage
581 549 638 590 te’
664 549 804 603 inquit
830 548 1023 589 ‘fetorem
1050 550 1262 589 extremae
1284 547 1479 589 latrinae'

137 613 180 651 et
205 624 351 651 causas
378 609 517 663 coepit
540 608 669 649 huius
696 607 836 648 odoris
863 607 1039 648 comiter
1065 607 1288 660 inquirere.
1330 610 1373 648 at
1399 620 1478 661 ego

138 670 266 709 miser
297 669 450 709 adficto
489 683 540 708 ex
578 670 769 721 tempore
807 666 989 707 absurdo
1028 666 1120 706 ioco
1159 665 1203 706 in
1235 665 1364 706 alium
1396 680 1478 706 ser-

136 742 305 768 monem
350 727 630 768 intentionem
675 726 764 767 eius
810 724 985 780 [denuo]
1037 724 1182 765 deriuo
1234 727 1276 765 et
1324 724 1532 766 iniectam

138 787 285 828 dextra
305 786 423 840 ‘quin
450 785 576 827 imus’
603 785 776 839 inquam
804 785 861 825 ‘et
886 784 1051 825 itineris
1071 783 1272 824 matutini
1298 783 1479 838 gratiam

137 845 355 900 capimus.'

227 904 356 946 Sumo
384 902 637 945 sarcinulam
658 905 700 943 et
719 902 855 956 pretio
876 901 1108 942 mansionis
1130 900 1361 943 stabulario
1388 915 1478 955 pcr-

137 964 276 1005 soluto
309 963 567 1017 capessimus
600 962 725 1002 uiam.

225 1021 383 1064 XVIII.
445 1021 725 1075 Aliquantum
756 1034 1096 1074 processeramus
1129 1022 1171 1060 et
1202 1019 1285 1059 iarn
1318 1018 1477 1060 iubaris
1498 1036 1530 1061 15

136 1085 287 1123 exortu
320 1083 471 1122 cuncta
502 1079 818 1121 conlustrantur
859 1082 901 1120 et
924 1088 1010 1133 'ego
1042 1079 1206 1119 curiose
1238 1077 1383 1119 sedulo
1417 1092 1478 1118 ar-

135 1141 326 1182 bitrabar
357 1139 551 1194 iugulum
579 1139 759 1192 comitis,
792 1152 875 1192 qua
899 1140 1018 1192 parte
1045 1137 1232 1191 gladium
1259 1136 1477 1191 delapsum

134 1200 344 1253 uideram,
383 1202 425 1240 et
464 1212 629 1239 mecum
664 1197 848 1238 euesane’
887 1197 952 1237 aio
986 1197 1071 1249 ‘qm'
1107 1195 1271 1250 poculis
1304 1198 1346 1236 et
1376 1196 1477 1237 uino

135 1259 326 1313 sepultus
349 1260 537 1299 extrema
558 1256 789 1297 somniasti.
823 1270 916 1297 ecce
944 1254 1138 1296 Socrates
1164 1255 1330 1309 integer
1349 1269 1475 1296 sanus

134 1317 370 1359 incolumis.
414 1317 487 1358 ubi
513 1315 698 1357 uulnus?
724 1315 848 1369 <ub2>
875 1314 1081 1369 spongia?
1114 1313 1187 1355 ubi
1213 1315 1475 1368 postremum
1495 1330 1529 1354 20

134 1377 309 1418 cicatrix
335 1379 422 1417 tam
450 1375 536 1416 alta
562 1377 649 1415 tam
676 1389 821 1416 recens
833 1374 870 1414 ‘.>’
904 1376 946 1415 et
973 1374 1024 1414 ad
1050 1373 1171 1414 illum
1192 1372 1275 1414 ‘ne'
1301 1373 1476 1427 inquam

134 1436 347 1477 ‘inmerito
380 1434 587 1475 medicum
617 1433 695 1474 filii
728 1433 820 1474 cibo
848 1436 890 1474 et
916 1432 1087 1486 crapula
1119 1432 1325 1472 distentos
1352 1446 1478 1472 saeua

133 1498 175 1536 et
207 1494 355 1549 grauia
386 1493 596 1534 somniare
629 1495 861 1533 autumant.
911 1491 1016 1532 mihi
1049 1491 1228 1544 denique
1261 1490 1374 1544 quod
1404 1505 1476 1544 po-

133 1553 239 1595 culis
283 1552 450 1606 uesperi
494 1552 635 1592 minus
679 1550 930 1605 temperaui‚
973 1565 1058 1591 nox
1097 1549 1245 1591 acerba
1283 1549 1394 1590 diras
1432 1552 1475 1590 et

132 1616 272 1654 truces
310 1611 516 1666 imagines
550 1610 718 1664 optulit,
755 1612 804 1651 ut
836 1609 971 1650 adhuc
1012 1624 1078 1650 me
1123 1608 1288 1650 credam
1327 1623 1474 1650 cruore
1493 1624 1527 1650 25

132 1672 316 1713 humano
350 1685 567 1724 aspersum
600 1672 726 1723 atque
758 1668 1009 1722 impiatu1n.'

222 1731 277 1785 [p.
296 1729 443 1783 1211]
476 1728 544 1769 Ad
569 1729 673 1769 haec
700 1728 770 1769 ille
791 1728 1013 1769 subridens
1041 1727 1100 1768 ‘at
1120 1726 1182 1767 tu’
1208 1726 1348 1780 inquit
1373 1726 1474 1767 enon

132 1789 336 1845 sanguine
368 1788 440 1829 sed
471 1788 576 1829 lotio
609 1787 805 1842 perfusus
837 1802 899 1841 es,
939 1801 1086 1827 uerum
1125 1788 1265 1826 tamen
1304 1787 1346 1826 et
1383 1785 1472 1839 ipse

226 1980 245 2009 2
281 1975 397 2021 (aio)
423 1976 561 2009 ‘inserui
586 1975 631 2017 cf.
661 1977 788 2017 11.25;
817 1976 869 2007 12.
886 1977 928 2007 21
1028 1976 1058 2006 2.
1080 1976 1101 2006 3
1138 1972 1260 2017 [pater
1290 1982 1392 2005 meus
1419 1971 1471 2017 et]

131 2035 210 2058 cum
237 2023 345 2057 Salm.
371 2023 508 2057 remouc'
533 2021 814 2067 (littoyrccpltiam
911 2024 930 2054 5
962 2020 1132 2054 humores
1160 2018 1207 2052 F²
1303 2022 1321 2032 ‘'

1307 2029 1317 2052 1
1348 2029 1472 2062 asper-

130 2095 240 2128 natus
261 2093 336 2128 Pet.
357 2093 403 2135 cf.
425 2096 478 2126 15.
494 2096 554 2135 303
582 2095 696 2126 23.13
781 2076 898 2126 feton?
923 2091 951 2124 F
1034 2095 1054 2125 8
1081 2089 1201 2124 obiter
1220 2089 1472 2132 Burmannus,
1520 2133 1523 2135 -

131 2142 192 2176 sed
217 2142 261 2184 cf.
291 2143 345 2175 17.
361 2144 398 2183 2;
428 2143 503 2173 170.
521 2143 564 2173 26
663 2142 707 2172 10
733 2138 886 2184 [(1611110]
911 2139 988 2173 secl.
1015 2138 1128 2182 Beyte
1226 2139 1266 2170 16
1295 2134 1468 2182 [curiose]

133 2188 333 2223 Chatelain.
353 2187 399 2222 R.
415 2187 447 2221 d.
464 2186 531 2221 Ph.
549 2189 686 2230 18772).
698 2189 763 2231 166
838 2189 880 2219 18
896 2196 951 2219 me
966 2184 1012 2218 F¹
1031 2195 1174 2218 mecum
1194 2196 1221 2226 φ
1296 2182 1360 2226 qui
1379 2183 1470 2217 Bsn.

132 2235 222 2279 quin
253 2235 331 2270 cdd.
453 2237 497 2267 20
537 2232 657 2279 (ubi)
688 2233 779 2267 Bsn.
881 2234 1066 2276 postremo
1099 2245 1126 2274 φ
1247 2233 1289 2263 21
1328 2240 1374 2264 116
1405 2229 1470 2273 Ρφ

133 2287 176 2316 22
202 2282 387 2317 medicum
412 2280 480 2314 filii
507 2280 715 2324 Scioppius:
741 2281 782 2314 tle
806 2280 924 2322 forma
946 2279 1067 2314 Genet.
1094 2278 1138 2321 cf.
1164 2277 1268 2312 Hild.
1295 2278 1344 2312 ad
1368 2276 1428 2311 XI.
1450 2279 1470 2311 5

131 2335 163 2365 et
187 2329 265 2364 VII.
286 2334 308 2363 4
340 2327 458 2375 <(161>
484 2327 617 2362 medici
644 2326 712 2360 filii
738 2327 869 2371 Haupt
894 2327 939 2370 cf.
966 2329 1057 2360 3.10
1088 2324 1313 2359 medicifidi
1339 2325 1416 2359 cdd.
