1591 2556
159 102 248 144 260
729 100 857 134 LIBRI
881 100 933 135 xi

156 198 377 253 proprium
418 197 518 238 deae
559 196 781 238 summatis
819 197 1036 238 auxiliaris
1073 196 1352 251 prouidentia.
1414 197 1504 238 ibat

156 258 307 299 tertius
348 256 547 298 attollens
585 255 770 310 palmam
808 270 910 297 auro
949 256 1165 297 subtiliter
1200 255 1393 297 foliatam
1427 270 1504 298 nec

157 331 242 358 non
282 315 532 357 Mercuriale
577 315 704 355 etiam
746 315 985 356 caduceum.
1056 317 1233 369 quartus
1277 315 1504 369 aequitatis

158 375 408 417 ostendebat
428 373 643 428 indicium,
669 374 947 415 deformatam
972 389 1145 415 manum
1172 374 1390 416 sinistram
1410 388 1505 428 por-

158 437 274 476 recta
304 433 504 489 palmula,
543 447 649 487 quae
681 433 864 488 genuina
894 433 1082 488 pigritia,
1114 433 1232 474 nulla
1263 433 1507 487 calliditate,
1543 449 1561 477 5

160 493 278 535 nulla
297 492 487 534 sollertia
511 492 703 546 praedita
727 492 952 534 uidebatur
978 492 1183 547 aequitati
1208 493 1346 547 magis
1369 492 1507 547 aptior

161 567 287 607 quam
320 552 502 592 dextera.
565 551 676 592 idem
714 552 888 606 gerebat
926 554 968 593 et
1006 566 1180 593 aureum
1211 551 1432 592 uasculum
1463 551 1508 592 in

160 612 334 652 modum
359 610 542 665 papillae
567 611 845 651 rutundatum
872 611 922 651 de
944 625 1026 665 quo
1046 611 1155 652 lacte
1175 610 1348 651 libabat.
1389 610 1508 664 quin-

160 674 231 712 tus
263 684 434 711 auream
465 684 652 710 uannum
678 669 831 711 laureis
859 672 1105 725 congestam
1130 669 1307 711 ramulis
1333 671 1376 711 et
1400 669 1509 711 alius

162 729 326 771 ferebat
357 728 615 782 amphoram.
1530 746 1563 771 ιο

251 787 323 829 XI.
364 787 455 830 Nec
496 802 614 828 mora
655 802 750 828 cum
791 788 857 829 dei
897 788 1060 842 dignati
1097 787 1276 842 pedibus
1312 787 1510 828 humanis

164 847 356 889 incedere
398 846 626 901 prodeunt,
668 846 738 887 hic
769 846 1005 888 horrendus
1048 846 1120 888 ille
1164 861 1365 901 superum
1402 860 1512 888 com-

164 909 328 947 meator
359 908 401 946 et
432 905 633 959 inferum,
670 920 781 946 nunc
813 909 905 946 atra
935 921 1047 946 nunc
1084 920 1210 947 aurea
1245 906 1352 947 facie
1384 905 1512 947 subli-

164 966 259 1019 mis,
297 964 496 1005 attollens
529 965 643 1005 canis
676 965 860 1006 ceruices
892 965 1044 1006 arduas
1074 964 1259 1018 Anubis,
1296 965 1418 1006 laeua
1449 978 1512 1005 ca-

166 1025 345 1065 duceum
389 1037 558 1078 gerens,
609 1024 781 1064 dextera
823 1024 1008 1078 palmam
1051 1024 1261 1065 uirentem
1306 1023 1510 1078 quatiens.
1531 1040 1565 1066 15

165 1084 293 1124 huius
325 1082 557 1137 uestigium
590 1082 839 1123 continuum
871 1083 1127 1137 sequebatur
1150 1083 1228 1123 bos
1254 1083 1299 1123 in
1324 1085 1511 1124 erectum

166 1143 309 1184 leuata
346 1143 523 1196 statum,
566 1141 697 1196 [bos,]
742 1142 883 1182 omnia
919 1141 1107 1196 parentis
1145 1141 1244 1182 deae
1283 1141 1512 1183 fecundum

167 1200 454 1254 simulacrum,
486 1201 599 1255 quod
624 1200 811 1242 residens
837 1201 996 1242 umeris
1022 1201 1110 1242 suis
1135 1200 1378 1254 proferebat
1402 1215 1511 1242 unus

170 1276 191 1302 e
211 1260 450 1301 ministerio
470 1259 595 1300 beato
616 1273 763 1315 glessu
785 1260 842 1314 [p.
852 1260 948 1301 212.
956 1259 1006 1300 E.
1009 1260 1026 1314 ]
1047 1262 1260 1314 gestuoso.
1297 1259 1513 1301 ferebatur

169 1320 220 1360 ab
233 1319 315 1360 alio
327 1319 434 1360 cista
445 1321 630 1360 secretor
631 1334 703 1360 um
715 1334 847 1373 capax
857 1320 1026 1373 penitus
1038 1319 1178 1360 celans
1193 1321 1341 1373 operta
1352 1319 1512 1374 magni·
1532 1336 1568 1361 20
1588 1337 1590 1340 ’

167 1380 270 1420 ficae
302 1378 534 1433 religionis.
584 1379 756 1433 gerebat
787 1379 896 1419 alius
927 1378 1041 1419 felici
1067 1392 1143 1419 suo
1169 1378 1331 1433 gremio
1357 1378 1513 1420 summi

168 1438 356 1478 numinis
382 1437 664 1478 uenerandam
690 1438 877 1503 effigiem
901 1452 987 1478 non
1012 1437 1176 1491 pecoiis
1201 1451 1287 1478 non
1312 1437 1402 1478 auis
1427 1451 1513 1478 non

167 1497 280 1537 ferae
309 1511 356 1537 ac
382 1511 433 1537 ne
458 1496 644 1537 hominis
671 1497 877 1550 quidem
868 1497 1001 1550 1psius
1028 1496 1304 1550 consimilem,
1335 1496 1408 1537 sed
1434 1496 1514 1538 sol-

168 1556 268 1597 lerti
305 1557 475 1609 repertu
514 1555 641 1596 etiam
679 1556 771 1609 ipsa
807 1556 999 1597 nouitate
1038 1555 1311 1596 reuerendam
1351 1555 1514 1597 altioris

170 1617 400 1668 utcumque
432 1616 475 1655 et
504 1628 658 1669 magno
697 1614 867 1656 silentio
906 1614 1109 1669 tegendae
1141 1614 1361 1669 religionis
1393 1628 1514 1669 argu·
1533 1630 1569 1657 2⁵

171 1676 361 1715 mentum
388 1673 611 1727 ineffabile,
644 1674 717 1715 sed
743 1674 795 1715 ad
820 1674 951 1715 istum
976 1674 1100 1728 plane
1126 1674 1299 1714 modum
1324 1673 1515 1728 fulgente

172 1747 273 1773 auro
306 1733 550 1787 figuratam:
588 1733 741 1773 urnula
771 1733 996 1774 faberrime
1028 1735 1188 1786 cauata,
1224 1732 1356 1774 fundo
1389 1747 1516 1787 quam

172 1792 370 1845 rutundo,
395 1791 514 1832 miris
541 1792 801 1833 extrinsecus
828 1792 1066 1834 simulacris
1091 1791 1403 1846 Aegyptiorum
1428 1791 1516 1832 effi-

174 1851 300 1905 giata.
362 1851 452 1892 eius
486 1851 695 1892 orificium
732 1866 817 1892 non
849 1850 1071 1892 altiuscule
1101 1851 1291 1892 leuatum
1323 1851 1366 1891 in
1398 1865 1516 1891 cana-

173 1910 257 1950 lem
289 1912 531 1963 porrectum
562 1909 690 1964 longo
722 1910 861 1951 riuulo
893 1909 1172 1964 prominebat.
1225 1924 1277 1951 ex
1308 1909 1390 1950 alia
1415 1923 1516 1950 uero
1535 1926 1572 1952 30

174 1970 293 2022 parte
336 1968 519 2009 multum
559 1969 755 2011 recedens
797 1970 985 2024 spatiosa
1025 1969 1227 2010 dilatione
1265 1967 1518 2009 adhaerebat

272 2122 291 2152 9
323 2118 461 2153 laureis
488 2119 668 2154 Passerat.
694 2120 740 2163 ef.
768 2123 882 2154 2158
927 2120 1049 2154 aureis
1081 2121 1159 2155 cdd.
1257 2119 1463 2154 coniestam
1489 2133 1516 2164 φ

176 2191 221 2232 cf.
249 2193 328 2224 207.
352 2192 393 2223 17
481 2193 522 2223 17
549 2189 649 2235 [bos]
675 2191 792 2224 delem'
872 2195 913 2225 19
939 2191 1052 2225 beato
1078 2191 1106 2224 F
1139 2166 1251 2225 beatg
1279 2204 1306 2234 φ
1388 2194 1430 2225 19
1455 2201 1519 2235 ge-

178 2238 305 2270 stuoso
333 2249 361 2278 φ
396 2238 573 2281 gestuosu
599 2237 645 2270 F¹
676 2239 871 2281 gestuosus
898 2238 973 2273 Pet.
995 2240 1041 2281 cf.
1063 2241 1201 2272 200.22
1293 2241 1336 2271 21
1362 2237 1519 2282 gerebat
1577 2268 1578 2272 ,

179 2283 262 2327 ‹pF2
292 2283 438 2318 ferebat
457 2283 503 2317 F¹
575 2287 618 2317 27
645 2284 843 2328 figuratam
866 2285 956 2320 Oucl.
995 2285 1154 2329 figurata
1179 2284 1207 2318 F
1234 2286 1307 2329 (sed
1332 2295 1420 2320 corr.
1440 2285 1517 2320 uid.

179 2342 222 2365 em
253 2330 466 2376 figuratum)
506 2330 707 2375 figuratum
732 2333 791 2375 φδ
888 2336 931 2366 28
957 2331 1117 2366 rutundo
1144 2331 1190 2365 F¹
