1591 2556
608 77 708 112 CAP.
735 76 971 126 xv÷xv1n
1403 76 1459 117 35

114 175 221 217 mihi
252 189 412 216 morem
443 172 610 227 plenius
642 172 840 228 gesseris,
881 173 924 213 in
957 172 1137 213 effusum
1169 172 1266 213 laxa
1299 172 1458 214 crinem

116 238 158 275 et
189 233 343 288 capillo
374 233 554 274 fluenter
585 232 764 273 undante
795 231 869 272 ede
901 230 1146 284 complexus
1180 231 1410 273 amabiles.³

203 291 339 334 XVII.
364 290 454 333 Nec
478 305 598 332 mora
617 305 725 345 cum,
751 290 948 332 omnibus
968 290 1053 331 illis
1074 290 1244 331 cibariis
1270 290 1456 332 uasculis

115 352 271 407 raptim
301 350 488 404 remotis,
517 349 682 391 laciniis
715 349 877 391 cunctis
909 349 996 390 suis
1023 348 1238 403 renudata,
1271 349 1458 391 crinibus

80 429 96 453 5
117 426 243 466 quam
275 409 494 451 dissolutis
536 409 588 449 ad
618 408 797 450 hilarem
828 408 1049 450 lasciuiam
1086 408 1131 448 in
1163 408 1345 462 speciem
1377 407 1458 450 Ve-

115 470 239 523 neris,
279 483 384 523 quae
416 468 603 509 marinos
644 468 798 509 fluctus
831 467 963 522 subit,
1000 466 1176 521 pulchre
1215 467 1456 522 reformata,

113 528 328 583 paulisper
347 528 475 569 etiam
501 526 731 582 glabellum
762 526 937 568 feminal
962 541 1083 567 rosea
1101 525 1290 580 palmula
1313 526 1458 580 potius

114 587 372 629 obumbrans
399 587 448 628 de
474 586 683 627 industria
709 600 837 640 quam
862 589 1011 641 tegens
1036 585 1291 626 uerecundia
1323 585 1459 639 eproe-

112 646 231 688 liare’
263 646 403 700 inquit
434 645 492 687 eet
521 645 691 687 fortiter
716 645 934 699 proeliare,
965 659 1041 686 nec
1067 644 1180 686 enim
1206 644 1286 685 tibi
1313 644 1458 685 cedam

60 722 94 746 10
113 720 190 747 nec
221 708 340 760 terga
371 704 550 746 uortam.
612 704 847 746 comminus
880 705 923 745 in
955 706 1191 758 aspectum,
1234 704 1270 744 si
1301 704 1370 744 uir
1402 718 1460 758 es,

114 765 256 820 derige
277 767 318 806 613
344 778 535 819 grassare
555 764 722 805 nauiter
742 766 783 805 et
804 763 945 805 occide
965 763 1209 804 moriturus.
1253 761 1459 804 hodierna

111 838 256 879 pugna
294 838 380 864 non
415 823 546 864 habet
583 823 857 864 missionem.'
919 822 1022 863 11666
1055 821 1182 864 simul
1222 821 1365 863 dicens
1398 822 1457 862 in-

113 897 258 924 scenso
291 881 529 938 grabattulo
562 897 689 936 super
719 897 786 923 me
819 882 967 923 sessim
1005 881 1193 923 residens
1233 896 1279 922 ac
1311 881 1459 922 crebra

112 942 338 984 subsiliens
378 941 638 996 lubricisque
676 941 867 996 gestibus
908 940 1110 981 mobilem
1151 940 1317 994 spinam
1357 955 1456 995 qua-

58 1016 91 1041 15
111 1002 221 1043 tiens
252 1000 458 1055 pendulae
495 1001 662 1042 ueneris
699 1000 841 1041 fructu
873 1015 938 1041 me
971 1000 1157 1053 satiauit,
1188 1014 1322 1053 usque
1356 999 1456 1040 dum

111 1060 235 1102 lassis
261 1060 413 1101 animis
441 1062 482 1101 et
501 1060 699 1101 marcidis
726 1059 902 1100 artubus
930 1059 1151 1114 defetigati
1177 1058 1305 1099 simul
1331 1058 1455 1099 ambo

112 1119 347 1161 corruimus
380 1119 491 1160 inter
528 1121 698 1159 mutuos
737 1118 956 1172 amplexus
995 1118 1156 1159 animas
1195 1117 1455 1158 anhelantes.

110 1178 178 1220 his
217 1181 258 1220 et
294 1178 421 1218 huius
458 1178 573 1218 modi
611 1177 996 1218 conluctationibus
1038 1177 1090 1217 ad
1128 1176 1310 1218 confinia
1347 1176 1455 1217 lucis

111 1252 245 1292 usque
270 1236 498 1292 peruigiles
525 1237 701 1291 egimus,
732 1235 895 1290 poculis
922 1236 1135 1277 interdum
1159 1235 1455 1276 lassitudinem

58 1312 93 1337 20
112 1297 350 1338 refouentes
377 1296 434 1350 [p
447 1295 596 1349 29.E.]
627 1298 670 1336 et
694 1295 916 1336 libidinem
942 1295 1167 1336 incitantes
1193 1297 1236 1335 et
1262 1294 1456 1348 uolupta-

112 1359 198 1397 tem
223 1355 496 1409 integrantes.
548 1355 600 1395 ad
626 1355 745 1395 cuius
776 1354 914 1396 noctis
947 1353 1162 1408 exemplar
1194 1353 1354 1394 similes
1388 1353 1456 1394 ad-

114 1414 348 1456 struximus
381 1413 484 1454 alias
516 1413 741 1467 plusculas.

199 1471 357 1514 XVIII.
419 1471 546 1513 Forte
591 1472 772 1526 quadam
817 1472 881 1513 die
926 1471 975 1512 de
1019 1486 1085 1512 me
1129 1485 1284 1526 magno
1331 1486 1455 1525 opere

111 1532 358 1587 Byrrhaena
389 1531 627 1586 contendit,
660 1531 771 1585 apud
803 1546 894 1572 eam
927 1530 1098 1572 cenulae
1131 1534 1178 1572 ut
1207 1531 1457 1571 interessem

59 1608 91 1633 25
112 1595 154 1633 et
174 1606 269 1633 cum
289 1590 501 1644 impendio
523 1605 779 1645 excusarem,
798 1590 973 1645 negauit
991 1590 1170 1631 ueniam.
1204 1603 1304 1644 ergo
1322 1589 1457 1644 igitur

110 1650 230 1692 Fotis
268 1652 358 1691 erat
396 1649 584 1690 adeunda
623 1650 756 1704 deque
793 1652 901 1690 nutu
939 1649 1029 1690 eius
1068 1648 1293 1690 consilium
1334 1648 1455 1689 uelut

110 1710 345 1764 auspicium
376 1709 615 1763 petendum.
678 1723 784 1762 quae
823 1723 1064 1763 quanquam
1102 1708 1239 1749 inuita
1277 1708 1390 1762 quod
1434 1722 1458 1748 a

110 1784 153 1811 se
185 1783 326 1824 ungue
362 1768 492 1809 latius
531 1767 787 1823 digrederer,
825 1771 967 1808 tamen
1005 1768 1182 1809 comiter
1223 1767 1454 1808 amatoriae

2 1879 3 1882 Ἴ
109 1828 286 1869 militiae
312 1828 485 1868 breuem
512 1829 792 1868 commeatum
818 1827 1008 1867 indulsit.
1052 1827 1142 1868 esed
1166 1826 1271 1867 heus
1298 1826 1361 1867 tu’
1393 1826 1453 1866 in-

0 1903 6 1934 1
58 1902 92 1928 30
111 1888 204 1942 quit
229 1887 345 1928 ‘caue
371 1886 609 1941 regrediare
635 1900 736 1927 cena
760 1886 979 1927 maturius.
1024 1900 1122 1926 nam
1142 1900 1299 1927 uesana
1323 1885 1454 1926 factio

205 2041 224 2072 7
250 2037 456 2084 glabellum
481 2037 634 2072 feminal
658 2049 782 2084 Ματρί)
802 2051 829 2082 φ
864 2024 1030 2083 glauellii
1056 2036 1195 2071 femina
1215 2039 1255 2070 111
1281 2036 1364 2078 Fcp¹
1397 2037 1451 2080 (in

110 2099 137 2130 φ
158 2096 228 2130 pro
252 2087 294 2119 ur
318 2090 367 2120 est
391 2085 423 2131 1)
523 2089 565 2119 10
591 2084 630 2118 in
655 2087 846 2129 aspectum
871 2086 916 2128 cf.
932 2085 1040 2119 Arch.
1060 2085 1104 2119 L.
1120 2084 1164 2119 L.
1186 2083 1228 2118 X.
1244 2088 1276 2126 3,
1303 2095 1368 2117 om.
1395 2085 1449 2126 &g

111 2136 151 2166 11
181 2132 306 2177 derige
331 2132 396 2177 Fcp
433 2133 478 2175 cf.
507 2136 641 2166 107.10
760 2132 934 2177 gnauiter
966 2145 993 2176 φ
1116 2135 1158 2165 13
1192 2130 1322 2165 sessim
1355 2130 1446 2163 Bsn.

110 2179 245 2214 sensim
270 2180 347 2214 cdd.
456 2183 498 2214 16
531 2178 674 2213 artibus
700 2179 783 2223 Fq>¹
880 2178 1077 2224 defetigati
1108 2179 1155 2212 F¹
1193 2176 1394 2221 defatigati
1422 2189 1450 2219 φ

110 2230 152 2260 17
178 2226 397 2261 hanelantes
424 2227 451 2261 F
491 2226 682 2261 anelantes
709 2240 736 2270 φ
853 2231 897 2261 24
928 2226 1081 2261 cenulae
1107 2227 1150 2260 ut
1175 2225 1300 2260 Rohde
1341 2234 1451 2257 cenu—

109 2308 191 2356 16116
212 2309 240 2343 F
267 2275 418 2344 cedsefle
439 2323 466 2354 φ
488 2312 568 2354 (my.
586 2311 595 2320 “
615 2294 644 2345 3.
660 2309 802 2355 cenule)
824 2309 977 2345 cenulae
992 2319 1080 2344 suae
1094 2308 1136 2346 E.
1193 2311 1235 2341 ‘27
1258 2291 1405 2350 quiquai
1424 2305 1453 2339 F

1123 2370 1168 2401 3³³<
