1591 2556
564 97 664 132 CAP.
691 96 944 131 XVIII—XXI
1368 98 1420 139 61

83 197 126 236 et
150 195 368 236 hiantibus
395 193 550 236 osculis
582 196 625 234 et
649 192 933 247 fraglantibus
960 193 1131 247 papillis
1157 194 1200 235 in
1227 194 1424 236 seruilem

82 254 256 295 modum
288 253 501 294 addictum
532 254 659 306 atque
690 252 979 305 mancipatum
1014 254 1158 293 teneas
1198 253 1424 295 uolentem.

83 314 168 354 iam
200 313 379 366 denique
410 326 487 353 nec
517 311 649 352 larem
681 311 850 365 requiro
883 325 959 352 nec
985 310 1290 353 domuitionem
1322 327 1425 367 paro

83 375 126 413 et
156 375 278 413 nocte
310 371 392 412 ista
423 370 532 411 nihil
563 369 801 424 antepono.⁹

47 447 64 473 5
171 430 262 471 XX.
319 429 470 496 ‘Quam
502 429 672 471 uellem'
704 428 923 482 respondit
961 427 1036 470 illa
1074 429 1302 483 praestare
1334 430 1425 480 tibi,

81 489 199 545 Luci,
229 489 343 543 quod
368 489 499 543 cupis,
532 489 605 529 sed
635 490 803 542 praeter
835 487 1003 529 inuidos
1034 502 1172 529 mores
1205 488 1249 529 111
1281 489 1426 529 solitu-

81 548 223 589 dinem
255 563 421 602 semper
452 548 647 589 abstrusa
684 550 727 588 et
759 547 950 588 omnium
981 547 1222 601 praesentia
1252 548 1427 589 uiduata

71 606 191 648 ‘solet
221 606 349 648 huius
388 607 504 648 modi
545 609 705 648 secreta
736 606 948 660 perficere.
1011 606 1085 648 sed
1124 609 1245 647 tuum
1283 609 1427 661 postu-

81 665 216 707 latum
254 681 511 720 praeponam
555 665 742 720 periculo
781 680 875 706 meo
916 665 1043 719 idque
1081 666 1318 707 obseruatis
1357 681 1426 720 op-

0 721 1 738 *
29 744 64 770 10
82 725 278 779 portunis
310 725 575 780 temporibus
608 724 754 766 sedulo
787 724 1022 779 perficiam,
1054 725 1192 779 modo,
1224 728 1272 766 ut
1304 725 1426 766 initio

82 784 272 838 praefata
303 799 409 839 sum,
440 785 502 826 rei
532 787 675 825 tantae
706 784 833 824 fidem
866 783 1168 838 silentiumque
1200 784 1368 831 tribue.’

173 842 243 884 Sic
261 843 385 885 nobis
407 843 693 898 garrientibus
712 843 846 884 libido
866 846 1016 884 mutua
1042 845 1085 884 et
1110 844 1273 884 animos
1300 842 1428 884 simul

84 905 126 944 et
157 903 348 944 membra
379 903 567 945 suscitat.
614 902 810 944 omnibus
838 902 1014 944 abiectis
1046 902 1239 944 amiculis
1267 917 1314 943 ac
1339 904 1428 943 tae-

82 962 165 1003 niis
198 961 378 1016 denique
411 962 468 1016 [p.
489 962 557 1003 51.
576 961 646 1016 E]
673 961 821 1003 intecti
848 964 974 1016 atque
998 961 1148 1002 nudati
1172 961 1428 1003 bacchamur

0 1037 1 1047 ³
28 1039 62 1065 15
82 1021 126 1061 in
157 1035 366 1076 uenerem,
398 1036 494 1062 cum
526 1021 695 1075 quidem
727 1021 834 1062 mihi
859 1022 942 1061 iam
974 1020 1153 1076 fatigato
1181 1021 1230 1062 de
1256 1021 1427 1075 propria

81 1079 337 1122 liberalitate
380 1079 500 1121 Fotis
543 1080 702 1134 puerile
745 1080 903 1121 obtulit
946 1080 1216 1121 corollarium
1260 1080 1428 1134 iamque

82 1138 316 1181 luminibus
347 1139 506 1180 nostris
537 1139 687 1194 uigilia
717 1139 915 1180 marcidis
942 1139 1109 1180 infusus
1141 1153 1268 1193 sopor
1300 1139 1427 1180 etiam

84 1198 128 1238 in
161 1197 290 1239 altum
323 1199 433 1239 diem
466 1213 542 1239 nos
575 1199 760 1239 attinuit.

172 1256 285 1298 XXI.
318 1256 386 1298 Ad
410 1258 524 1298 hunc
548 1257 721 1298 modum
753 1257 979 1298 transactis
1011 1256 1250 1311 uoluptarie
1282 1258 1427 1311 paucis

2 1307 294 1371 'nosnoctibus7
326 1317 505 1370 quadam
533 1317 599 1357 die
630 1316 791 1370 percita
815 1315 935 1356 Fotis
962 1330 1009 1357 ac
1036 1316 1139 1357 satis
1166 1316 1330 1369 trepida
1361 1331 1428 1357 me

84 1375 266 1416 accurrit
302 1376 543 1429 indicatque
576 1375 790 1416 dominam
823 1390 960 1429 suam,
1002 1375 1114 1429 quod
1154 1375 1262 1416 nihil
1300 1376 1427 1416 etiam

83 1437 185 1475 tunc
216 1434 261 1474 in
293 1449 391 1476 suos
423 1449 587 1475 amores
619 1435 770 1476 ceteris
802 1434 964 1475 artibus
990 1437 1273 1487 promoueret‚
1305 1438 1428 1475 nocte

83 1493 277 1548 proxima
309 1493 352 1534 in
384 1508 506 1534 auem
539 1508 628 1534 sese
660 1493 947 1547 plumaturam
980 1496 1106 1547 atque
1132 1493 1185 1534 ad
1210 1508 1334 1534 suum
1362 1508 1428 1535 cu-

84 1553 222 1606 pitum
266 1553 326 1593 sic
371 1552 679 1607 deuolaturam3
722 1552 845 1607 proin
888 1555 1045 1593 memet
1089 1552 1140 1593 ad
1181 1553 1241 1594 rei
1285 1555 1428 1593 tantae

4 1623 5 1626 ’
34 1629 67 1654 25
87 1612 366 1665 spectaculum
391 1615 511 1653 caute
543 1626 849 1666 praepararem.
906 1612 1074 1666 iamque
1108 1611 1217 1652 circa
1247 1612 1428 1666 primam

5 1679 7 1724 j
86 1671 223 1712 noctis
255 1670 448 1725 uigiliam
481 1671 533 1711 ad
564 1671 670 1712 illud
708 1671 902 1725 superius
941 1670 1183 1712 cubiculum
1222 1685 1427 1725 suspenso

183 1826 199 1856 1
221 1821 471 1867 fraglantibus
491 1823 519 1856 F
545 1823 589 1865 cf.
605 1826 708 1866 2353
724 1826 833 1856 5721ss
920 1826 940 1856 3
966 1807 1086 1858 necdii
1117 1807 1260 1856 uitione
1286 1822 1332 1856 F¹
1359 1834 1426 1857 nec

88 1878 334 1951 domuthione³
343 1905 419 1950 F2q>
488 1909 507 1939 5
528 1905 615 1950 inqr
627 1905 820 1950 respondit
834 1905 861 1938 F
872 1907 893 1939 δ
919 1904 1056 1939 uellem
1068 1879 1273 1948 inquitlilla
1288 1919 1315 1949 φ
1337 1907 1374 1950 (i.
1384 1918 1428 1941 m.

87 1963 279 2008 respondit
298 1975 364 2000 scr.
378 1965 528 2007 fortasse
550 1968 621 1998 lm.
642 1976 720 2009 exp.
743 1967 829 2009 27η.)
860 1970 924 2009 {qr
950 1955 1005 2008 Rs
1031 1976 1055 2008 g
1129 1968 1148 1998 6
1174 1968 1222 2009 p?
1248 1965 1311 2008 an
1337 1969 1387 2009 pp
1409 1967 1431 1999 δ

87 2024 239 2067 propter
263 2023 303 2058 E.
332 2024 375 2067 cf.
405 2026 559 2066 145.10;
588 2027 726 2057 172.10
826 2027 867 2057 12
902 2023 1153 2068 garrientibus
1181 2037 1208 2068 φ
1253 2023 1430 2069 gaanien-

87 2069 189 2103 tibus
215 2070 242 2103 F
269 2070 346 2115 (ani
371 2072 412 2105 in
435 2082 506 2105 ras.
534 2082 577 2104 m.
594 2072 628 2115 2)
671 2070 937 2115 gannientibus
963 2070 1002 2104 E.
1079 2074 1133 2106 13
1151 2075 1193 2105 14
1225 2082 1269 2105 ac
1294 2071 1429 2105 taeniis

89 2117 164 2151 Pet
191 2118 235 2160 cf.
265 2120 342 2152 194
358 2121 403 2151 24
451 2119 603 2152 actenus
635 2117 734 2160 que
781 2118 940 2152 hatenus
972 2130 997 2162 g
1047 2120 1215 2152 actutum
1245 2129 1312 2153 nos
1340 2118 1429 2152 K05.

89 2162 251 2198 iacemus
276 2164 318 2199 E.
343 2165 388 2208 ef.
410 2165 563 2200 Ro'nsch.
584 2165 684 2199 Itala
709 2169 774 2199 341
875 2169 918 2199 16
943 2164 1092 2221 puerile
1111 2167 1221 2211 uulgso
1247 2167 1291 2209 cf.
1313 2165 1428 2199 Mam

88 2209 150 2244 IX
165 2215 207 2245 67
222 2211 549 2247 etR.d.P71.1885.
568 2215 634 2245 100
658 2212 812 2256 puerilis
832 2214 910 2248 cdd.
937 2210 1092 2257 (puerilj'
1099 2212 1118 2246 f
1133 2214 1175 2257 φ)
1243 2216 1286 2247 18
1313 2212 1431 2246 altum

91 2257 231 2302 Sciopp
271 2258 386 2293 alium
411 2260 489 2294 cdd
587 2259 750 2304 optinuit
775 2268 805 2302 φ
904 2264 946 2294 ‘25
974 2260 1227 2304 spectaculum
1253 2261 1307 2304 dg
1350 2270 1431 2303 spe-

92 2313 174 2363 cula
200 2328 264 2373 Fq>
290 2329 414 2364 Rohde
439 2329 508 2365 Rh.
531 2329 585 2364 M.
616 2333 715 2364 1885.
744 2335 788 2366 98
832 2329 1069 2375 speculamen
1099 2330 1188 2365 ΟΜΖ.
1215 2330 1254 2364 Ε.
