1591 2556
129 94 215 135 276
698 91 827 126 Lfflm
853 92 903 126 m
1438 97 1467 142 1

221 189 358 231 ‘Nihil
389 189 468 230 est’
508 188 647 242 inquit
684 188 812 243 ‘quod
850 203 1074 229 numerosa
1111 187 1217 229 serie
1256 187 1474 242 religionis

131 249 253 304 quasi
286 248 511 303 quicquam
544 247 600 288 sit
631 247 748 301 prius
780 247 985 288 omissum
1016 250 1208 288 terreare.
1273 246 1375 300 quin
1406 246 1473 287 ad-

130 309 253 349 sidua
277 308 360 348 ista
385 307 606 347 numinum
627 306 872 361 dignatione
891 306 1048 347 laetum
1076 319 1245 360 capesse
1272 304 1473 360 gaudium

130 370 173 408 et
204 367 347 421 potius
386 365 529 407 exulta
566 368 630 406 ter
666 365 836 406 futurus
875 365 987 419 quod
1025 364 1097 405 alii
1134 364 1203 405 uel
1241 363 1370 405 semel
1401 364 1474 405 uix

86 468 88 471 ,
132 426 388 479 conceditur,
414 428 539 479 teque
566 424 615 466 de
641 424 722 466 isto
750 439 923 465 numero
944 424 1097 464 merito
1123 437 1343 478 praesume
1370 437 1474 464 sem-

130 501 206 539 per
249 485 432 526 beatum.
504 486 688 525 ceterum
731 484 875 524 futura
919 483 998 524 tibi
1042 497 1258 523 sacrorum
1301 481 1474 523 traditio

132 543 444 598 pernecessaria
475 543 676 597 <uisura>
714 546 794 597 est,
833 543 867 583 si
901 545 1039 583 tecum
1078 556 1190 582 nunc
1227 540 1376 582 saltem
1415 555 1475 581 re-

131 603 349 657 putaueris
376 602 552 643 exuuias
579 602 690 655 deae,
723 617 826 656 quas
853 602 895 642 in
922 600 1142 655 prouincia
1168 599 1401 654 sumpsisti,
1432 599 1475 640 in

133 662 280 703 eodem
311 661 409 702 fano
438 661 650 715 depositas
677 675 943 715 perseuerare
973 674 1050 701 nec
1075 662 1116 700 te
1142 659 1302 700 Romae
1329 658 1476 699 diebus

132 721 409 762 sollemnibus
447 720 516 761 uel
554 720 790 774 supplicare
822 720 922 773 (in)
955 719 1005 759 iis
1043 718 1113 760 uel
1151 733 1245 760 cum
1283 731 1475 772 praecep-

132 783 223 821 tum
267 780 407 833 fuerit,
449 779 564 820 felici
607 779 680 820 illo
726 779 881 820 amictu
920 778 1123 819 illustrari
1166 791 1300 831 posse.
1363 776 1477 830 quod

131 839 235 880 felix
278 839 420 892 itaque
465 853 511 879 ac
556 838 742 879 faustum
787 837 1055 891 salutareque
1099 836 1177 877 tibi
1217 836 1291 889 sit,
1336 835 1476 876 animo

133 898 319 953 gaudiali
350 912 519 938 rursum
545 897 674 938 sacris
702 897 868 937 initiare
895 897 975 937 diis
1011 896 1176 951 magnis
1204 894 1477 935 auctoribus?

224 957 355 997 XXX.
394 956 611 997 Hactenus
639 956 773 996 diuini
803 955 956 996 somnii
985 955 1115 995 suada
1140 954 1339 995 maiestas
1366 953 1478 1007 quod

133 1031 235 1057 usus
267 1016 377 1056 foret
415 1015 720 1069 pronuntiauit.
782 1029 858 1055 nec
897 1014 1092 1067 deinceps
1131 1012 1370 1067 postposito
1408 1011 1476 1053 uel

133 1076 175 1115 in
214 1074 409 1128 supinam
446 1073 870 1128 procrastinationem
909 1073 1063 1114 reiecto
1102 1072 1292 1126 negotio,
1330 1071 1476 1112 statim

133 1133 341 1175 sacerdoti
372 1148 464 1174 meo
498 1133 641 1174 relatis
675 1147 780 1186 quae
813 1132 1014 1185 uideram,
1046 1131 1256 1172 inanimae
1281 1130 1476 1184 protinus

134 1192 406 1234 castimoniae
438 1193 586 1247 iugum
618 1191 748 1232 subeo
781 1194 823 1232 et
853 1191 946 1245 lege
975 1192 1179 1244 perpetua
1204 1188 1477 1244 praescriptis

134 1252 219 1293 illis
252 1252 394 1293 decem
428 1251 574 1292 diebus
605 1250 789 1305 spontali
827 1250 1055 1291 sobrietate
1087 1248 1382 1302 multiplicatis
1414 1248 1474 1288 in-

133 1314 343 1353 structum
374 1310 525 1351 teletae
565 1324 761 1364 comparo
798 1309 998 1363 largitus,
1036 1323 1087 1349 ex
1125 1308 1266 1349 studio
1304 1307 1475 1361 pietatis

134 1370 270 1425 magis
304 1385 430 1424 quam
468 1384 665 1410 mensura
702 1383 839 1410 rerum
872 1369 1084 1421 <mearum
1114 1367 1362 1420 impendiis>
1395 1365 1476 1407 col-

132 1430 242 1476 latis.
292 1444 369 1470 nec
388 1429 579 1470 hercules
599 1428 712 1469 labo·
740 1427 979 1482 [p.225.E.]
1006 1441 1100 1467 rum
1121 1441 1187 1467 me
1209 1428 1476 1479 sumptuum-

135 1503 216 1543 que
249 1488 479 1542 quidquam
517 1490 659 1528 tamen
697 1486 924 1540 paenituit,
957 1485 1105 1540 quidni
1142 1484 1308 1525 liberali
1351 1483 1475 1524 deum

135 1547 405 1602 prouidentia
449 1547 531 1587 iam
579 1546 801 1600 stipendiis
844 1545 1086 1586 forensibus
1123 1543 1279 1585 bellule
1325 1543 1474 1584 fotum.

136 1606 316 1660 denique
348 1608 445 1660 post
478 1606 565 1646 dies
605 1605 829 1646 admodum
862 1603 1065 1658 pauculos
1098 1603 1200 1643 deus
1233 1602 1357 1642 deum
1389 1615 1476 1642 ma-

137 1679 317 1720 gnorum
360 1665 506 1719 potior
550 1668 591 1706 et
634 1664 841 1705 maiorum
886 1677 1076 1704 summus
1126 1665 1167 1703 et
1217 1675 1477 1702 summorum

137 1724 347 1765 maximus
381 1727 422 1765 et
458 1724 741 1764 maximorum
783 1725 982 1777 regnator
1014 1720 1149 1763 Osiris
1181 1734 1265 1761 non
1297 1719 1476 1760 alienam

138 1783 380 1837 quampiam
424 1797 646 1837 personam
690 1782 943 1823 reformatus
988 1781 1061 1821 sed
1102 1794 1242 1821 coram
1281 1793 1358 1820 suo
1402 1778 1476 1818 illo

137 1842 374 1883 uenerando
401 1857 467 1883 me
488 1842 686 1896 dignatus
707 1841 916 1882 adfamine
936 1854 1011 1894 per
1031 1840 1217 1893 quietem
1237 1837 1476 1892 praecipere

234 1998 252 2025 2
276 2004 431 2037 qsquam
451 1992 476 2025 F
504 1997 607 2038 {rere
630 1993 656 2026 F
733 1995 750 2025 7
773 1990 956 2037 (uisura)
980 1990 1116 2025 inserui
1183 1993 1202 2022 9
1224 1989 1260 2022 te
1280 1988 1358 2022 cdd.
1382 1989 1419 2021 et
1439 1987 1478 2021 E.

141 2044 184 2074 10
199 2039 292 2086 (in)
308 2040 446 2074 inserui
518 2039 564 2073 iis
591 2040 618 2073 F
695 2043 736 2073 13
759 2038 831 2072 diis
851 2038 980 2082 scripsi
1005 2039 1049 2080 cf.
1067 2040 1144 2071 129.
1161 2040 1199 2079 53
1220 2037 1297 2069 253.
1315 2038 1357 2068 21
1379 2035 1424 2078 (h.
1438 2035 1480 2077 e.)

141 2111 199 2145 dis
219 2111 247 2144 F
321 2114 365 2144 20
391 2109 546 2156 teletae]
574 2121 616 2144 ac
638 2110 712 2156 lete
732 2109 759 2143 F
791 2120 833 2143 ac
859 2088 942 2155 lege
963 2116 993 2150 φ
1026 2118 1069 2141 ac
1095 2106 1169 2141 lete
1196 2107 1250 2151 dg
1321 2104 1481 2150 largitus

145 2159 223 2193 cdd.
269 2157 410 2202 largius
436 2157 476 2192 E.
551 2161 592 2191 21
628 2168 801 2191 mensura
827 2156 1005 2203 <re>rum
1032 2153 1251 2221 (mearum)
1284 2151 1481 2196 impendiis

145 2228 294 2263 collatis
315 2228 445 2272 scripsi
476 2231 680 2268 mensuram
708 2205 839 2261 oblatis
865 2226 892 2260 F
925 2228 1085 2268 ffisurazl
1109 2222 1232 2269 cilatis
1252 2236 1279 2266 φ
1311 2233 1483 2257 mensura

145 2276 255 2310 rebus
295 2274 443 2309 collatis
486 2274 526 2309 E.
583 2285 753 2309 mensura
792 2273 900 2308 rebus
939 2271 1086 2307 collatis
1129 2269 1347 2305 necessariis
1392 2270 1482 2304 Koz.

146 2327 190 2356 24
217 2322 356 2356 uellula
385 2322 478 2365 Ρφδ
553 2326 596 2355 29
623 2321 835 2366 praecipere
863 2320 1031 2355 Beroald.
1070 2317 1231 2362 recipere
1257 2317 1335 2352 edd.

1497 734 1530 758 10

1498 1028 1572 1058 15³

1495 1323 1529 1347 20
1586 1298 1587 1326 l

1500 1616 1532 1641 25
