1591 2556
487 67 587 103 OAP.
614 67 934 103 XXVI—XXVIII
1299 68 1383 109 185

39 165 238 220 repletus,
269 164 498 206 simulabat
529 164 713 205 sauciam
745 163 1024 217 uaecordiam‚
1055 179 1229 217 prorsus
1262 165 1381 219 quasi

41 224 166 266 deum
203 223 443 278 praesentia
480 223 673 264 solebant
708 222 902 263 homines
941 236 1027 263 non
1065 223 1131 263 sui
1169 224 1261 264 fieri
1299 239 1382 265 me-

39 283 168 325 liores
205 283 278 324 sed
316 282 474 324 debiles
512 282 623 323 effici
661 281 730 322 uel
768 282 942 336 aegroti.
998 280 1197 322 XXVIII.
1240 286 1384 336 specta

43 342 222 397 denique
263 341 385 396 quale
425 341 528 396 <de>
566 340 735 382 caelesti
773 340 1043 394 prouidentia
1082 341 1281 382 meritum
1322 357 1382 383 re-

8 420 19 433 .-
42 401 287 456 portauerit.
320 401 415 441 infit
436 400 737 441 uaticinatione
759 399 944 440 clamosa
964 400 1143 441 conficto
1164 401 1382 442 mendacio

42 460 352 514 semetipsum
390 460 597 501 incessere
638 461 764 513 atque
803 459 1036 513 criminari,
1075 459 1195 513 quasi
1238 463 1385 500 contra

40 520 104 560 fas
145 521 312 560 sanctae
353 518 571 573 religionis
613 518 891 572 dissignasset
932 518 1093 572 aliquid
1130 521 1172 559 et
1212 518 1385 573 insuper

41 579 174 620 iustas
215 592 372 632 poenas
410 578 512 619 noxi
549 577 748 618 facinoris
781 577 870 630 ipse
904 577 953 617 de
986 592 1029 618 se
1063 577 1150 618 suis
1188 577 1384 619 manibus

42 652 277 692 exposcere.
325 638 497 691 adrepto
531 636 711 690 denique
742 636 876 690 flagro
909 636 1022 690 quod
1054 637 1266 678 semiuiris
1298 637 1384 678 illis

40 696 261 751 proprium
295 699 512 750 gestamen
538 698 614 750 est,
646 695 853 736 contortis
879 696 1014 736 taenis
1045 695 1182 736 lanosi
1214 696 1384 737 uelleris

40 755 204 810 prolixe
241 755 503 796 fimbriatum
536 757 578 796 et
615 754 854 809 multiiugis
892 754 991 795 talis
1024 754 1169 795 ouium
1208 758 1381 796 tessera-

40 818 145 869 tum,
177 814 362 855 indidem
396 829 485 855 sese
511 813 760 854 multinodis
788 813 1043 854 commulcat
1074 814 1242 868 ictibus,
1274 815 1384 854 mira

41 877 189 915 contra
218 873 439 928 plagarum
473 873 638 914 dolores
670 873 1014 927 praesumptione
1046 873 1248 914 munitus.
1301 888 1384 914 cei·-

41 947 161 974 neres
211 935 407 986 prosectu
457 932 696 986 gladiorum
746 932 918 986 ictuque
967 932 1199 986 flagrorum
1246 932 1385 973 solum

42 992 243 1046 spurcitie
276 991 495 1046 sanguinis
529 991 760 1032 effeminati
791 991 1040 1032 madescere.
1086 1006 1192 1045 quae
1225 1007 1291 1032 res
1324 992 1384 1032 in-

42 1051 228 1092 cutiebat
264 1050 371 1091 mihi
407 1065 493 1091 non
530 1065 705 1104 paruam
743 1050 1073 1091 sollicitudinem
1115 1051 1279 1091 uidenti
1320 1053 1386 1091 tot

41 1109 290 1151 uulneribus
316 1109 492 1164 largiter
516 1110 738 1163 profusum
765 1123 969 1163 cruorem,
994 1124 1132 1163 nequo
1160 1124 1259 1150 casu
1286 1110 1385 1150 deae

42 1169 289 1223 peregrinae
316 1168 572 1222 stomachus,
605 1172 652 1209 ut
679 1168 943 1222 quorundam
970 1167 1191 1209 hominum
1221 1169 1388 1222 lactem,

43 1229 103 1269 sic
147 1228 221 1268 illa
264 1228 513 1282 sanguinem
558 1228 874 1281 concupisceret
918 1227 1141 1268 asininum.
1199 1228 1271 1269 sed
1312 1228 1385 1268 ubi

42 1287 212 1328 tandem
249 1286 419 1341 fatigati
456 1287 524 1327 uel
562 1289 673 1327 certe
711 1301 787 1327 suo
826 1286 986 1327 laniatu
1025 1287 1169 1327 satiati
1211 1302 1386 1340 pausam

43 1346 309 1387 carnificinae
342 1346 502 1399 dedere,
535 1346 666 1399 stipes
693 1360 846 1399 aereas7
872 1345 1001 1386 immo
1034 1360 1135 1386 uero
1168 1349 1210 1386 et
1241 1360 1386 1399 argen-

43 1409 131 1446 teas
163 1404 311 1445 multis
340 1405 537 1445 certatim
570 1404 857 1457 offerentibus,
887 1404 982 1445 sinu
1015 1419 1208 1458 recepere
1241 1405 1387 1459 patulo

43 1479 118 1506 nec
148 1479 234 1505 non
272 1466 313 1504 et
344 1464 434 1504 uini
473 1464 622 1504 cadum
656 1466 698 1504 et
734 1463 887 1504 lactem
920 1467 962 1504 et
1000 1478 1143 1504 caseos
1183 1467 1225 1505 et
1261 1464 1386 1504 farris

44 1526 86 1565 et
118 1523 302 1578 siliginis
334 1522 506 1577 aliquid,
539 1522 618 1577 [et]
651 1537 736 1563 non
767 1522 896 1563 nullis
925 1523 1017 1576 (et)
1048 1522 1254 1564 hordeum
1288 1523 1387 1564 deae

10 1601 21 1615 r
44 1582 190 1637 gerulo
224 1582 490 1623 donantibus.
529 1582 665 1622 auidis
697 1581 849 1622 animis
876 1582 1152 1623 conradentes
1180 1582 1322 1623 omnia
1347 1585 1389 1623 et

44 1642 89 1682 in
115 1640 302 1682 sacculos
328 1640 427 1682 huic
454 1641 649 1695 quaestui
675 1641 725 1682 de
755 1641 965 1681 industria
992 1640 1048 1695 [p.
1068 1641 1245 1695 153.E.]
1271 1656 1388 1695 prae-

44 1704 215 1754 paratos
245 1700 470 1741 farcientes
497 1700 621 1741 dorso
647 1714 741 1741 meo
769 1703 1016 1754 congerunt,
1047 1703 1096 1741 ut
1125 1700 1284 1755 duplici
1311 1701 1387 1741 sci-

141 1820 160 1849 2
199 1815 268 1850 feri
298 1815 362 1860 Fq>
471 1820 492 1850 4
532 1815 633 1862 (de)
667 1817 805 1851 inserui
907 1820 927 1849 5
965 1815 1150 1870 effictth
1257 1821 1274 1850 7
1315 1816 1389 1850 dis-

1106 1873 1117 1889 1

47 1899 234 1944 signasset
251 1898 316 1942 Fcp
343 1899 387 1941 cf.
405 1901 541 1971 1821?
569 1897 802 1942 designasset
827 1898 902 1933 δΕ.
927 1881 933 1886 ¹
979 1902 999 1933 8
1025 1898 1113 1933 noxi
1138 1899 1166 1932 F
1241 1902 1284 1933 10
1310 1900 1388 1932 tae-

43 1969 104 2017 ¹nis
138 1970 268 2014 scripsi
310 1968 407 2014 tenis
442 1968 470 2002 F
509 1968 614 2013 genis
641 1981 668 2012 φ
694 1968 830 2003 taeniis
861 1968 951 2004 Oud.
987 1969 1084 2004 tenis
1110 1970 1151 2004 E.
1227 1973 1270 2004 12
1295 1968 1390 2003 mira

46 2041 174 2084 scripsi
199 2041 244 2084 cf.
268 2042 344 2074 188.
368 2042 410 2072 13
447 2037 539 2073 mire
565 2040 642 2074 edd.
730 2040 785 2073 ’14
810 2024 977 2084 Ρτὸῐθοῄὅ
1009 2054 1036 2084 φ
1136 2043 1177 2073 15
1209 2039 1389 2084 spurcicie

47 2087 75 2120 F
112 2088 186 2132 (sed
217 2086 272 2121 cie
306 2088 347 2121 in
378 2097 449 2122 ras.
481 2097 524 2120 m.
558 2088 602 2130 r.)
652 2086 830 2130 spurcitia
862 2087 908 2131 φ1
939 2092 972 2122 et
1008 2099 1075 2133 my.
1102 2087 1130 2121 F
1251 2085 1389 2121 effemi-

47 2133 167 2168 natim
202 2134 374 2168 adescere
406 2133 488 2176 Fltp
611 2136 653 2167 19
690 2133 758 2168 illa
796 2135 874 2169 cdd.
919 2133 1008 2169 illae
1045 2135 1136 2170 Bsn.
1258 2144 1389 2168 concu-

48 2180 208 2226 pisceret
239 2181 408 2216 Beroazd.
443 2180 623 2224 Espiceret
654 2181 731 2215 cdd.
838 2184 881 2214 24
906 2192 981 2216 non
999 2181 1113 2216 nullis
1134 2183 1171 2216 et
1196 2181 1327 2225 scripsi
1352 2181 1390 2213 et

49 2251 358 2342 nonfnulgiSSCdd.
393 2252 605 2286 sententiam
624 2251 734 2294 finiuz'
748 2256 830 2295 post
851 2251 1078 2286 donantibus
1153 2256 1193 2285 27
1223 2236 1391 2286 cffigrunt

51 2312 78 2344 φ
105 2310 123 2333 c
145 2327 150 2332 .
180 2304 194 2332 7
226 2327 232 2332 .
