1591 2556
180 99 235 139 96
760 96 887 130 LIBRI
913 95 945 129 V

177 195 342 236 minuto
375 194 419 235 in
450 193 569 236 uaria
599 194 788 247 picturae
815 207 970 248 genera
995 191 1351 233 discriminantur.
1396 189 1518 231 uehe-

177 257 342 295 menter
373 253 526 294 iterum
560 267 607 293 ac
639 252 806 306 saepius
838 251 984 292 beatos
1016 251 1112 292 illos
1145 250 1218 304 qui
1250 263 1376 304 super
1407 263 1519 304 gem-

177 314 268 354 mas
288 313 332 354 et
349 311 525 353 monilia
544 311 723 352 calcant!
756 311 838 351 iam
859 313 1020 352 ceterae
1040 312 1181 364 partes
1200 309 1327 364 longe
1352 308 1520 362 lateque

178 371 409 426 dispositae
441 371 591 412 domus
624 370 713 410 sine
744 369 881 424 pretio
914 369 1123 423 pretiosae
1150 364 1520 422 totiqueparietes

179 429 349 472 solidati
381 430 532 470 massis
571 429 708 470 aureis
741 428 963 482 splendore
1002 428 1174 482 proprio
1207 429 1442 480 coruscant,
1472 429 1521 467 ut
1589 433 1591 474 A

179 490 289 532 diem
328 504 451 530 suum
495 488 577 529 sibi
616 488 765 528 domus
796 487 924 528 faciat
962 487 1060 528 licet
1104 486 1191 528 sole
1230 485 1416 527 nolente:
1460 485 1521 526 sic

179 548 374 590 cubicula
405 548 465 588 sic
496 546 685 601 porticus
724 547 784 587 sic
822 547 938 600 ipsae
975 541 1123 587 zlaluae
1153 544 1383 600 fulgurant.
1445 558 1521 585 nec

179 608 311 649 setius
357 621 456 661 opes
501 608 663 647 ceterae
707 605 920 646 maiestati
964 605 1113 646 domus
1153 604 1430 658 respondent,
1474 605 1522 644 ut

180 666 374 721 equidem
406 665 512 706 illud
543 667 655 706 recte
687 665 882 705 uideatur
907 664 959 704 ad
984 663 1348 705 conuersationem
1375 662 1521 703 huma-

180 740 278 766 nam
310 738 464 780 magno
497 722 591 765 Ioui
622 723 876 764 fabricatum
909 723 1087 764 caeleste
1118 722 1336 776 palatium.
1542 740 1554 764 1
1586 742 1591 766 ι

268 783 321 825 ΙΙ.
377 783 565 824 Inuitata
604 782 768 836 Psyche
812 782 963 823 talium
1006 781 1195 823 locorum
1240 780 1521 822 oblectatione

180 844 355 897 propius
394 842 572 884 accessit
612 845 654 883 et
691 841 816 895 paulo
861 841 1060 882 fidentior
1103 841 1215 881 intra
1256 840 1388 881 limen
1431 854 1522 880 sese

180 902 294 956 facit,
325 916 425 942 mox
456 901 717 955 piolectante
750 900 891 941 studio
924 900 1232 954 pulcherrimae
1264 899 1443 940 uisionis
1468 898 1591 954 11-1

180 936 319 1002 matlir
363 960 532 1015 singula
576 962 617 1001 et
655 959 905 1000 altrinsecus
950 959 1116 1000 aedium
1159 958 1311 1000 horrea
1351 956 1524 998 sublimi
1565 953 1568 958 ’

181 1020 342 1074 fabrica
383 1019 569 1074 perfecta
609 1019 860 1073 magnisque
905 1021 1106 1073 congesta
1146 1017 1260 1072 gazis
1305 1011 1523 1070 conspicit.
1544 1034 1591 1061 ις

180 1094 257 1120 1160
289 1081 353 1120 est
385 1078 612 1132 quicquam
646 1077 759 1131 quod
791 1077 851 1118 ibi
882 1092 967 1118 non
1000 1080 1074 1118 est.
1116 1077 1191 1118 56(1
1220 1078 1387 1130 praeter
1417 1077 1524 1116 cete·
1580 1118 1591 1123 .,

181 1153 271 1178 ram
303 1140 517 1178 tantarum
551 1136 798 1177 diuitiarum
834 1136 1156 1177 admirationem
1180 1135 1262 1177 1100
1288 1137 1377 1176 erat
1407 1149 1524 1188 prae·
1581 1180 1583 1196 Ι

182 1197 304 1251 cipue
337 1196 393 1251 [p.
416 1195 482 1237 80.
502 1195 571 1250 E]
610 1195 855 1249 mirificum,
888 1195 1001 1249 quod
1032 1194 1150 1236 nullo
1182 1194 1372 1247 uinculo,
1406 1192 1524 1234 nullo
1572 1200 1588 1275 l

183 1256 386 1309 claustro,
429 1255 546 1296 nullo
592 1254 765 1296 custode
808 1254 942 1295 totius
981 1253 1365 1308 (opulentissimus)
1409 1252 1524 1293 orbis
1578 1280 1583 1293 „

181 1314 435 1356 thensaurus
468 1313 538 1355 ille
570 1313 852 1354 muniebatur.
913 1313 1017 1354 haec
1054 1313 1092 1354 ei
1125 1327 1290 1354 summa
1327 1326 1422 1353 cum
1454 1326 1524 1352 uo·
1544 1327 1559 1352 2
1587 1317 1591 1356 ’μ

182 1374 345 1428 luptate
386 1373 542 1414 uisenti
581 1373 705 1414 offert
745 1388 834 1414 sese
872 1387 957 1413 uox
996 1372 1200 1426 quaedam
1238 1371 1427 1425 60190115
1460 1370 1525 1411 5111

182 1433 295 1474 nuda
326 1435 368 1474 et
401 1432 534 1487 ‘quid'
567 1432 706 1486 inquit
739 1431 1100 1485 εε101111113,1;3111;15
1132 1430 1400 1484 obstupescis
1438 1429 1524 1483 opi·

182 1492 291 1533 bus?
323 1494 397 1532 tua
428 1493 528 1532 sunt
558 1491 662 1532 haec
694 1491 846 1531 omnia.
908 1490 1086 1544 prohinc
1118 1490 1312 1531 cubiculo
1344 1492 1385 1530 te
1418 1488 1527 1529 refer

184 1554 226 1591 et
255 1550 412 1592 lectulo
444 1549 738 1591 lassitudinem
770 1549 914 1591 refoue
946 1552 988 1590 et
1020 1564 1070 1590 ex
1103 1549 1278 1590 arbitrio
1309 1548 1526 1589 lauacrum

183 1613 291 1664 pete.
353 1624 429 1650 nos
463 1624 640 1663 quarum
672 1623 796 1650 voces
829 1609 1004 1662 accipis,
1036 1606 1133 1649 tuae
1163 1601 1347 1649 famulae
1379 1606 1525 1648 sedulo
1546 1622 1561 1646 2
1587 1624 1591 1656 ε

184 1669 264 1709 tibi
296 1668 737 1722 91Η36111111151313111111115
769 1682 845 1709 1166
877 1667 1066 1722 601··90115
1098 1670 1266 1708 curatae
1298 1666 1378 1707 tibi
1410 1679 1526 1720 rega-

184 1728 245 1768 les
277 1727 424 1782 epulae
455 1727 762 1768 morabuntur.'
1575 1771 1582 1777 Ι

274 1785 348 1830 III.
413 1786 554 1827 Sensit
596 1785 761 1839 Psyche
803 1785 971 1826 diuinae
1011 1785 1304 1839 prouidentiae
1347 1784 1526 1826 beatitu-
1570 1783 1591 1837 'j‘¹

188 1846 347 1899 dinem,
383 1845 656 1899 monitusque
695 1846 811 1886 uocis
851 1845 1046 1886 informis
1085 1844 1258 1886 audiens
1297 1843 1376 1898 [et]
1408 1843 1526 1897 prius
1571 1839 1591 1905 ᾗ

282 1954 300 1982 2
326 1950 449 1995 super]
471 1949 620 1994 superbi
638 1950 761 1984 Rolecle
786 1949 942 1993 superbe
958 1949 1012 1983 W.
1030 1960 1092 1993 que
1114 1953 1233 1983 tamen
1250 1947 1581 1989 Sctz.d.B.Ak.1

189 2000 291 2031 1895
320 2000 385 2030 307
412 1998 603 2042 uzalyatam
622 1997 782 2040 defendit
879 2001 898 2031 6
925 1995 1068 2030 faciant
1093 1996 1169 2030 edd.
1197 1995 1362 2075 [domus{
1386 1993 1529 2029 faciant

188 2043 312 2080 Rohcle
457 2048 474 2078 7
507 2043 642 2078 ualuae
674 2045 697 2077 ὃ
744 2043 876 2078 11311166
908 2043 989 2087 Ε’ῑφ
1038 2042 1171 2077 10311166
1203 2042 1250 2075 F‘-’
1297 2042 1347 2076 ba
1363 2052 1455 2076 neae
1488 2041 1527 2075 E.
1590 2040 1591 2043 ’

188 2090 359 2125 Michael.
381 2091 434 2125 W
533 2095 553 2124 8
579 2091 780 2135 magestati
806 2091 833 2124 F
909 2094 1022 2124 13.14
1048 2089 1204 2124 rimatur
1229 2102 1257 2133 φ
1288 2088 1446 2123 miratur
1470 2087 1530 2122 FB

188 2139 250 2173 sed
281 2150 322 2172 m
359 2139 453 2172 calce
483 2150 644 2183 paganae
676 2138 703 2171 F
740 2139 843 2172 habet
881 2137 1037 2171 rimatur
1068 2149 1090 2172 α
1116 2148 1240 2181 prima
1270 2148 1313 2171 m.
1340 2136 1385 2179 cf.
1414 2139 1468 2170 91.
1485 2139 1527 2169 27

190 2189 232 2219 19
277 2184 633 2230 (opulentissimus)
683 2186 818 2219 ansermi
937 2188 981 2218 20
1024 2186 1218 2218 tensaurus
1257 2197 1284 2227 φ
1328 2184 1370 2227 cf.
1408 2185 1529 2217 87.10

189 2235 233 2266 23
259 2231 349 2266 offer
374 2245 401 2275 φ
476 2235 530 2266 28.
546 2235 589 2265 29
616 2232 900 2275 beatitudinem,
921 2231 1156 2275 monitusque
1182 2230 1283 2265 uocis
1307 2229 1474 2264 informis
1495 2240 1528 2264 a.

190 2279 259 2325 [et]
292 2280 421 2323 scripsi
454 2279 727 2313 beatitudinem
762 2261 997 2322 monitdsque
1029 2289 1137 2313 uoces
1164 2277 1339 2312 informes
1367 2288 1397 2311 a.
1426 2279 1463 2312 et
1488 2276 1528 2310 E.

190 2326 436 2370 monitusque,
464 2337 572 2360 110665
599 2326 774 2360 informes
802 2337 845 2368 3.,
873 2328 910 2360 et
943 2326 996 2360 Hs.
