1591 2556
183 102 202 140 1
214 100 266 140 l?
764 99 892 133 LIBRI
917 99 950 134 V

177 195 343 250 Psyche
375 196 521 237 statim
553 196 815 250 resurgentis
854 196 943 237 eius
970 210 1089 237 crure
1122 195 1294 237 dextero
1325 195 1522 237 manibus

179 255 385 296 ambabus
424 256 598 309 adrepto
637 255 832 296 sublimis
871 255 1103 296 euectionis
1147 254 1357 308 adpendix
1399 254 1521 296 mise·
1550 300 1551 305 ¹
1588 243 1591 268 ³

177 315 309 355 randa
339 318 381 356 et
411 330 486 369 per
511 314 680 356 nubilas
705 314 852 369 plagas
878 314 1050 368 penduli
1081 314 1307 365 comitatus
1334 316 1523 354 extrema

179 374 408 428 consequia
439 373 609 414 tandem
640 372 752 413 fessa
784 371 1000 414 (1013111Ἕῖ11ξ
1025 373 1127 414 solo.

266 433 357 474 Nec
383 433 484 474 deus
517 435 680 472 amator
710 432 830 473 humi
858 433 1064 473 iacentem
1091 432 1286 473 deserens
1311 431 1522 472 inuolauit

177 493 415 547 proximam
448 505 694 545 cupressum
721 491 854 545 deque
881 491 970 532 eius
997 491 1082 532 alto
1103 491 1318 532 cacumine
1344 491 1405 532 sic
1430 505 1522 532 eam

181 552 371 606 grauiter
403 552 641 592 commotus
674 550 841 590 adfatur

269 610 378 665 ‘Ego
412 610 594 664 quidem,
626 609 942 663 simplicissima
971 608 1154 662 Psyche,
1185 609 1374 663 parentis
1404 622 1522 650 meae

179 668 358 710 Veneris
390 671 712 723 praeceptorum
745 668 979 722 immemor,
1011 682 1118 722 quae
1150 671 1191 709 te
1217 667 1363 709 miseri
1389 670 1522 708 extre-

178 728 322 782 mique
353 728 539 769 hominis
572 727 810 768 deuinctam
843 727 1039 781 cupidine
1070 727 1217 768 infimo
1249 726 1520 768 matrimonio

179 788 316 828 addici
348 788 541 841 iusserat,
573 787 662 840 ipse
694 787 836 840 potius
870 789 1033 827 amator
1065 786 1261 827 aduolaui
1293 786 1383 827 tibi.
1448 785 1522 827 sed

177 846 259 887 hoc
290 846 371 887 feci
396 846 559 899 leuiter⁷
591 846 690 899 scio,
723 848 765 886 et
789 846 1029 899 praeclarus
1055 845 1126 886 ille
1156 845 1405 900 sagittarius
1431 845 1522 899 ipse

178 921 246 947 me
277 905 363 947 telo
395 920 488 946 meo
520 904 708 959 percussi
746 907 870 958 teque
903 905 1125 959 coniugem
1164 919 1300 946 meam
1337 904 1436 957 feci,
1473 906 1523 944 ut

178 965 315 1006 bestia
359 964 520 1005 scilicet
564 964 643 1004 tibi
687 964 853 1004 uiderer
896 967 938 1005 et
980 964 1092 1004 ferro
1133 966 1260 1017 caput
1309 963 1522 1004 excideres

178 1039 338 1077 meum,
378 1024 490 1078 quod
527 1023 632 1063 istos
671 1025 880 1064 amatores
918 1026 1014 1064 tuos
1053 1022 1197 1064 oculos
1229 1023 1356 1077 gerit!
1418 1022 1522 1063 haec

178 1083 259 1124 tibi
297 1097 463 1136 semper
506 1081 691 1123 cauenda
729 1082 968 1135 censebam,
1011 1081 1114 1123 haec
1150 1082 1368 1123 identidem
1407 1081 1522 1122 beni·
1589 1120 1591 1130 A

179 1142 275 1183 uole
306 1141 588 1183 remonebam.
646 1141 719 1181 sed
750 1140 847 1182 illae
879 1141 1048 1195 quidem
1081 1140 1384 1182 consiliatrices
1409 1153 1524 1195 egre·
1581 1146 1591 1174 -“

179 1202 273 1256 giae
317 1204 413 1241 tuae
450 1203 537 1241 tam
580 1200 808 1254 perniciosi
851 1200 1087 1254 magisterii
1132 1199 1292 1240 dabunt
1333 1202 1525 1240 actutum

179 1260 286 1301 mihi
317 1274 498 1314 poenas,
542 1261 584 1300 te
621 1273 722 1299 uero
754 1261 921 1299 tantum
962 1259 1065 1313 fuga
1105 1273 1198 1299 mea
1227 1258 1451 1313 puniuero’
1483 1260 1525 1299 et
1581 1256 1591 1306 γ’

180 1334 275 1361 011111
307 1319 489 1360 termino
522 1318 728 1359 sermonis
759 1318 901 1372 pinnis
933 1318 976 1359 in
1002 1318 1136 1359 altum
1167 1332 1211 1359 se
1242 1317 1464 1372 proripuit.
1581 1331 1591 1374 ’μ

269 1379 325 1433 [p.
348 1378 504 1432 9311]
566 1376 699 1418 XXV.
749 1376 914 1431 Psyche
945 1391 1046 1418 uero
1078 1377 1198 1418 humi
1237 1379 1451 1431 prostrata
1482 1378 1525 1417 et
1586 1379 1588 1418 ὲ

180 1440 387 1492 quantum
431 1437 526 1478 uisu
563 1438 731 1490 poterat
773 1436 942 1477 uolatus
980 1436 1122 1477 mariti
1161 1450 1412 1490 prosequens
1456 1449 1524 1476 ex-

179 1497 328 1538 tremis
361 1496 578 1551 affligebat
608 1495 984 1536 lamentationibus
1011 1495 1209 1536 animum.
1260 1494 1333 1535 sed
1363 1494 1438 1535 ubi
1462 1508 1523 1535 re-

179 1556 312 1610 migio
338 1556 507 1609 plumae
534 1558 713 1620 raptum
729 1555 930 1595 maritum
956 1555 1188 1608 proceritas
1214 1554 1342 1608 spatii
1366 1553 1524 1594 fecerat

181 1615 383 1667 alienum
420 1629 496 1668 per
531 1614 716 1668 ploximi
754 1613 942 1654 fluminis
983 1613 1217 1668 marginem
1248 1612 1524 1667 praecipitem
1583 1637 1587 1656 ς

181 1689 270 1715 sese
304 1648 428 1714 dedit
492 1673 564 1714 sed
595 1673 713 1713 mitis
749 1673 906 1713 fluuius
940 1673 982 1713 in
1014 1672 1219 1714 honorem
1252 1672 1319 1713 dei
1350 1671 1523 1725 scilicet,

182 1733 255 1787 qui
287 1736 329 1774 et
360 1733 473 1786 ipsas
506 1747 636 1786 aquas
674 1746 794 1773 urere
827 1732 1059 1785 consueuit,
1090 1735 1283 1772 metuens
1315 1731 1398 1772 sibi
1428 1745 1523 1772 con-

179 1792 323 1833 festim
361 1806 452 1832 eam
489 1791 664 1832 innoxio
700 1791 918 1832 uolumine
961 1805 1089 1845 super
1126 1791 1261 1845 ripam
1301 1790 1522 1831 florentem
1585 1842 1586 1845 Ἴ

179 1851 323 1892 herbis
365 1851 570 1904 exposuit.
633 1853 734 1891 tunc
773 1850 883 1891 forte
920 1849 1010 1890 Pan
1048 1850 1149 1891 deus
1187 1849 1372 1890 rusticus
1404 1849 1524 1890 iuxta
1585 1850 1586 1858 ¹

180 1910 453 1964 supercilium
486 1909 622 1951 amnis
654 1909 826 1950 sedebat
858 1909 1103 1963 complexus
1128 1908 1248 1950 Echo
1277 1910 1521 1949 montanam

180 1969 301 2010 deam
342 1984 518 2023 eamque
559 1968 731 2009 uoculas
773 1968 1036 2009 omnimodas
1077 1967 1254 2009 edocens
1293 1967 1521 2021 reccinere3

275 2076 295 2107 8
329 2083 397 2117 ego
429 2072 460 2106 si
492 2072 642 2116 quidem
669 2086 696 2117 φ
777 2076 821 2106 14
847 2071 994 2106 excides
1020 2071 1067 2105 F1
1146 2075 1189 2105 15
1221 2070 1347 2105 oculos
1365 2072 1462 2125 *tuos
1493 2082 1543 2114 φ.

182 2147 225 2178 16
251 2143 323 2178 tibi
354 2143 561 2177 identidem
587 2154 731 2188 semper
761 2144 839 2178 edd.
865 2143 1074 2187 transposui
1097 2153 1158 2187 eyo
1256 2145 1300 2174 -20
1334 2127 1468 2186 pennis
1493 2153 1522 2185 φ

181 2195 225 2225 2-2
263 2190 347 2224 uisu
385 2204 412 2235 φ
467 2190 539 2224 uisi
577 2190 604 2223 F
736 2201 961 2234 prosequens
1006 2190 1119 2224 Mich.
1171 2187 1400 2232 prospiciens
1443 2188 1520 2224 cdd.

182 2266 226 2296 30
253 2261 354 2296 Echo
380 2263 596 2295 montanam
621 2262 719 2295 Ialm
754 2260 822 2308 hec
849 2260 959 2295 homo
986 2245 1078 2294 cami
1102 2259 1167 2304 Εφ
1205 2259 1315 2293 1110110
1342 2270 1475 2294 cauam
1499 2259 1522 2293 δ
1582 2295 1583 2303 ¹

181 2337 223 2367 31
253 2332 470 2367 omninedas
496 2332 556 2376 Fg
593 2315 723 2366 uocdla
750 2331 986 2366 somninedas
1012 2345 1039 2376 φ
1078 2329 1309 2365 omnimodas
1335 2331 1358 2364 δ
