1591 2556
106 90 160 137 521:ss
680 90 808 125 LIBRI
832 90 883 125 III

106 187 232 228 huius
273 186 478 228 uiolentia
514 187 678 240 nititur,
710 202 836 241 quam
875 201 969 228 cum
1011 187 1187 229 scitulae
1236 188 1443 230 formulae

106 247 301 288 iuuenem
340 246 580 300 quempiam
612 246 794 288 libenter
832 247 1013 301 aspexit,
1052 247 1164 301 quod
1204 247 1374 301 quidem
1406 248 1444 289 ei

106 305 214 346 solet
245 305 448 347 crebriter
478 305 659 347 euenire.

193 363 306 405 XVI.
347 363 473 405 Nunc
499 365 626 405 etiam
652 365 963 406 adulescentem
990 364 1198 418 quendam
1218 364 1444 406 Boeotium

106 438 267 465 summe
300 423 497 465 decorum
530 423 721 464 efflictim
753 423 916 477 deperit
940 426 1136 478 totasque
1165 424 1268 465 artis
1293 438 1443 465 manus
1463 439 1479 465 5

105 484 292 536 <strenue
334 480 524 536 exscstsp,
573 480 789 523 machinas
840 496 985 523 omnes
1030 483 1223 524 ardenter
1267 486 1442 525 exercet.

105 542 248 583 audiui
276 541 454 595 uesperi,
486 541 590 582 meis
616 541 696 594 his⁷
728 541 912 595 inquam,
944 541 1117 582 auribus
1143 542 1300 596 audiui,
1331 542 1445 596 quod

105 615 188 641 non
221 600 397 641 celerius
431 600 495 641 sol
533 599 646 642 caelo
679 600 834 641 ruisset
870 600 1068 654 noctique
1110 601 1161 641 ad
1193 601 1444 642 exercendas

104 659 336 700 inlecebras
368 659 533 714 magiae
564 659 772 700 maturius
799 659 1006 713 cessisset,
1038 659 1120 713 ipsi
1140 659 1229 701 Soli
1255 659 1445 701 nubilam

106 718 329 772 caliginem
362 721 403 758 et
434 721 659 772 perpetuas
697 719 891 759 tenebras
933 718 1270 760 comminantem.
1332 718 1445 760 hunc
1466 734 1498 759 ιο

106 778 301 818 iuuenem
335 792 429 818 cum
456 792 478 818 e
504 777 665 818 balneis
692 778 848 818 rediret
868 778 972 831 ipsa,
1000 777 1234 818 tonstrinae
1263 777 1444 819 residen-

106 839 191 877 tem
210 836 409 877 hesterna
429 836 495 878 die
515 836 624 878 forte
645 837 865 890 conspexit
889 851 935 878 ac
961 851 1027 877 me
1055 836 1230 890 capillos
1251 837 1352 891 eius,
1372 838 1446 891 qui

104 896 188 936 iam
226 895 349 937 caede
382 895 614 941 cultrorum
647 896 803 937 desecti
834 895 954 936 humi
985 895 1212 950 di<spersi>
1243 896 1447 950 iacebant,

105 954 293 995 clanculo
326 956 534 1008 praecepit
562 955 738 997 auferre.
796 969 901 1009 quos
939 969 1006 996 me
1038 954 1182 996 sedulo
1213 954 1446 1009 furtimque

105 1013 375 1068 colligentem
408 1017 555 1055 tonsor
586 1014 750 1055 inuenit
781 1017 823 1055 et
856 1013 969 1068 quod
1000 1013 1188 1068 alioquin
1213 1013 1445 1068 publicitus
1467 1028 1500 1053 15

105 1072 318 1114 maleficae
351 1073 598 1127 disciplinae
636 1073 890 1127 perinfames
932 1087 1098 1126 sumus,
1137 1073 1353 1126 adreptam
1386 1073 1445 1113 in-

105 1131 330 1173 clementer
356 1132 545 1186 increpat
572 1132 700 1186 ‘tune7
726 1132 887 1186 ultima,
913 1146 998 1173 non
1024 1146 1161 1172 cessas
1187 1131 1365 1173 subinde
1382 1131 1445 1186 *le-

105 1193 268 1231 ctorum
301 1191 502 1232 iuuenum
536 1191 833 1245 capillamenta
864 1190 1101 1244 surripere?
1165 1190 1278 1244 quod
1309 1188 1445 1232 scelus

103 1246 187 1290 nisi
218 1250 389 1291 tandem
422 1250 603 1304 desines,
641 1250 964 1305 magistratibus
1002 1252 1043 1290 te
1076 1252 1318 1290 constanter
1358 1250 1447 1291 obi-

105 1309 239 1350 ciam.’
291 1312 333 1350 et
359 1309 536 1350 uerbum
561 1309 673 1350 facto
706 1312 876 1350 secutus
908 1309 1099 1350 immissa
1129 1323 1257 1350 manu
1290 1311 1445 1350 scruta·
1466 1323 1500 1348 20

104 1371 172 1408 tus
211 1383 233 1409 e
270 1368 420 1409 mediis
464 1368 634 1422 papillis
678 1369 783 1409 meis
828 1369 911 1409 iam
956 1367 1130 1422 capillos
1176 1367 1446 1409 absconditos

104 1427 236 1468 iratus
269 1427 462 1481 abripuit.
511 1442 594 1481 quo
627 1430 747 1482 gesto
781 1428 969 1482 grauiter
1000 1427 1165 1468 adfecta
1196 1441 1446 1481 mecumque

103 1489 304 1539 reputans
337 1486 530 1527 dominae
562 1501 677 1528 meae
710 1501 868 1540 mores,
913 1486 1026 1540 quod
1062 1485 1189 1526 huius
1229 1485 1344 1527 modi
1384 1500 1444 1527 re-

103 1544 225 1598 pulsa
257 1545 360 1586 satis
393 1545 545 1586 acriter
578 1546 835 1586 commoueri
866 1559 1016 1599 meque
1043 1545 1265 1586 uerberare
1291 1545 1445 1586 saeuis-

104 1603 208 1645 sime
246 1605 484 1658 consueuit,
529 1605 611 1645 iam
650 1604 700 1646 de
737 1604 839 1659 fuga
877 1604 1101 1645 consilium
1133 1604 1340 1657 tenebam,
1372 1603 1446 1645 sed
1465 1618 1498 1644 25

103 1663 217 1704 istud
250 1663 419 1716 quidem
452 1663 515 1704 tui
547 1663 904 1717 contemplatione
937 1662 1070 1704 abieci
1103 1662 1261 1704 statim.

189 1720 326 1763 XVII.
358 1722 517 1763 Verum
545 1737 639 1763 cum
665 1722 802 1763 tristis
828 1722 924 1763 inde
951 1722 1206 1763 discederem
1233 1722 1303 1776 [ne
1329 1736 1445 1776 pror-

106 1795 176 1822 sus
221 1781 367 1822 uacuis
408 1796 491 1822 ma-
524 1782 581 1836 [p.
605 1782 673 1822 49.
699 1781 768 1836 E]
807 1781 932 1822 nibus
973 1781 1184 1835 redirem7]
1229 1781 1442 1835 conspicio

200 1914 216 1943 1
244 1909 377 1944 nititur
396 1910 459 1954 qu
486 1911 559 1954 (sed
578 1911 618 1944 m
632 1909 658 1943 F
678 1920 797 1944 onmes
817 1910 953 1944 litterae
966 1910 1082 1944 denuo
1096 1908 1299 1952 rescriptae)
1325 1907 1444 1942 utitur

103 1957 157 2000 dg
170 1958 221 1991 eol.
232 1958 350 2000 princ.
417 1961 436 1991 6
453 1957 507 2003 <s
522 1967 629 1991 :enue
644 1956 808 2003 exserit>
823 1957 962 1992 inserui
975 1957 1018 1999 cf.
1030 1956 1133 1990 HM.
1145 1968 1182 2000 p.
1194 1958 1260 1989 530
1323 1958 1365 1988 13
1381 1955 1442 1989 de—

105 2003 196 2037 secti
222 2005 304 2038 add.
319 2005 398 2038 cdd.
414 2016 478 2039 om.
495 2005 535 2038 Ε.
567 2003 671 2037 11111111
692 2003 906 2050 di<spersi>
926 2003 1100 2038 iacebant
1124 2003 1254 2046 scripsi
1278 2002 1323 2044 cf.
1351 2005 1405 2036 65.
1421 2005 1441 2036 9

47 2072 54 2075 -
83 2049 247 2084 ‘humidi
278 2050 452 2085 iacebant
484 2051 528 2084 F¹
578 2051 681 2085 humi
712 2051 888 2085 iacebant
919 2059 949 2093 φ
998 2049 1101 2084 11111111
1133 2048 1358 2083 adiacebant
1390 2050 1444 2094 dg

106 2137 149 2167 14
173 2132 364 2177 praecepit
391 2132 534 2167 auferre
555 2133 748 2178 Scioppius
771 2134 816 2176 cf.
833 2136 888 2167 49.
903 2136 926 2166 4
955 2109 1161 2178 §cipitauiss
1187 2133 1222 2175 (τ
1241 2132 1324 2165 add.
1341 2143 1384 2165 m.
1399 2133 1443 2173 r.)

104 2180 198 2214 ferre
215 2180 242 2213 F
268 2179 469 2225 pcipitauit
481 2180 505 2214 f.
528 2182 618 2225 ‹pdg
677 2184 718 2214 19
739 2180 976 2214 incontanter
989 2179 1157 2214 Beroald.
1215 2182 1321 2212 20:21
1345 2189 1444 2212 scru-

104 2229 205 2261 tatus
232 2229 289 2262 est
314 2238 333 2262 e
360 2228 382 2261 ὃ
461 2231 503 2261 21
531 2227 648 2262 medis
681 2227 726 2260 1⁴¹1
800 2231 843 2260 22
871 2226 1028 2272 arripuit
1052 2227 1130 2261 cdd.
1199 2228 1243 2259 23
1269 2224 1378 2259 huius
1405 2225 1444 2259 di

103 2274 185 2318 F¹qa
212 2274 321 2309 huius
341 2273 394 2308 rei
415 2275 469 2319 dg
490 2275 543 2320 (in
563 2274 590 2308 F
611 2275 695 2309 add.
722 2285 782 2308 mo
804 2276 925 2309 eadem
943 2284 1084 2315 manus,
1103 2284 1193 2317 quae
1216 2273 1330 2307 multa
1349 2283 1443 2307 nouo

103 2326 303 2358 atramento
327 2322 509 2366 repetiuit)
584 2325 638 2356 27.
655 2325 698 2355 28
724 2323 835 2356 uerba
860 2332 906 2355 ne
921 2320 1137 2355 —redirem
1168 2320 1341 2356 transtuli
1361 2323 1444 2364 post
