<?xml version="1.0" encoding="UTF-8"?>
<!DOCTYPE html PUBLIC "-//W3C//DTD XHTML 1.0 Transitional//EN"
    "http://www.w3.org/TR/xhtml1/DTD/xhtml1-transitional.dtd">
<html xmlns="http://www.w3.org/1999/xhtml" xml:lang="en" lang="en">
 <head>
  <title>
</title>
<meta http-equiv="Content-Type" content="text/html;charset=utf-8" />
  <meta name='ocr-system' content='tesseract 3.04.00' />
  <meta name='ocr-capabilities' content='ocr_page ocr_carea ocr_par ocr_line ocrx_word'/>
</head>
<body>
  <div class='ocr_page' id='page_1' title='image "./metamorphoseonli00apuluoft/metamorphoseonli00apuluoft_0166.png"; bbox 0 0 1591 2556; ppageno 0'>
   <div class='ocr_carea' id='block_1_1' title="bbox 163 77 936 117">
    <p class='ocr_par' dir='ltr' id='par_1_1' title="bbox 163 77 936 117">
     <span class='ocr_line' id='line_1_1' title="bbox 163 77 936 117; baseline -0.009 0"><span class='ocrx_word' id='word_1_1' title='bbox 163 77 248 117; x_wconf 78' lang='grc'>130</span> <span class='ocrx_word' id='word_1_2' title='bbox 732 77 860 111; x_wconf 84' lang='lat' dir='ltr'>LIBRI</span> <span class='ocrx_word' id='word_1_3' title='bbox 885 77 936 111; x_wconf 91' lang='lat' dir='ltr'>VI</span> 
     </span>
    </p>
   </div>
   <div class='ocr_carea' id='block_1_2' title="bbox 161 171 1591 1880">
    <p class='ocr_par' dir='ltr' id='par_1_2' title="bbox 161 171 1507 581">
     <span class='ocr_line' id='line_1_2' title="bbox 163 171 1506 228; baseline 0.002 -15"><span class='ocrx_word' id='word_1_4' title='bbox 163 174 297 227; x_wconf 90' lang='lat' dir='ltr'>ipsius</span> <span class='ocrx_word' id='word_1_5' title='bbox 331 171 429 214; x_wconf 87' lang='lat' dir='ltr'>Orci</span> <span class='ocrx_word' id='word_1_6' title='bbox 460 173 611 214; x_wconf 83' lang='lat' dir='ltr'>ferales</span> <span class='ocrx_word' id='word_1_7' title='bbox 643 176 817 227; x_wconf 89' lang='lat' dir='ltr'>penates</span> <span class='ocrx_word' id='word_1_8' title='bbox 855 176 896 215; x_wconf 92' lang='lat' dir='ltr'>te</span> <span class='ocrx_word' id='word_1_9' title='bbox 936 173 1090 228; x_wconf 80' lang='lat' dir='ltr'>derige.</span> <span class='ocrx_word' id='word_1_10' title='bbox 1152 177 1252 215; x_wconf 90' lang='lat' dir='ltr'>tunc</span> <span class='ocrx_word' id='word_1_11' title='bbox 1288 175 1506 216; x_wconf 75' lang='lat' dir='ltr'>conferens</span> 
     </span>
     <span class='ocr_line' id='line_1_3' title="bbox 161 231 1506 287; baseline 0.002 -15"><span class='ocrx_word' id='word_1_12' title='bbox 161 232 363 286; x_wconf 85' lang='lat' dir='ltr'>pyxidem</span> <span class='ocrx_word' id='word_1_13' title='bbox 377 232 654 286; x_wconf 84' lang='lat' dir='ltr'>Proserpinae</span> <span class='ocrx_word' id='word_1_14' title='bbox 675 232 799 287; x_wconf 67' lang='lat' dir='ltr'>epetit</span> <span class='ocrx_word' id='word_1_15' title='bbox 820 233 868 273; x_wconf 93' lang='lat' dir='ltr'>de</span> <span class='ocrx_word' id='word_1_16' title='bbox 891 236 931 273; x_wconf 90' lang='lat' dir='ltr'>te</span> <span class='ocrx_word' id='word_1_17' title='bbox 945 231 1107 273; x_wconf 85' lang='lat' dir='ltr'>Venus’</span> <span class='ocrx_word' id='word_1_18' title='bbox 1128 232 1257 274; x_wconf 77' lang='lat' dir='ltr'>dicito</span> <span class='ocrx_word' id='word_1_19' title='bbox 1279 233 1506 275; x_wconf 71' lang='lat' dir='ltr'>‘modicum</span> 
     </span>
     <span class='ocr_line' id='line_1_4' title="bbox 164 291 1507 334; baseline 0.001 -2"><span class='ocrx_word' id='word_1_20' title='bbox 164 291 213 332; x_wconf 86' lang='lat' dir='ltr'>de</span> <span class='ocrx_word' id='word_1_21' title='bbox 260 294 335 332; x_wconf 85' lang='lat' dir='ltr'>tua</span> <span class='ocrx_word' id='word_1_22' title='bbox 380 292 527 332; x_wconf 90' lang='lat' dir='ltr'>mittas</span> <span class='ocrx_word' id='word_1_23' title='bbox 572 291 610 332; x_wconf 89' lang='lat' dir='ltr'>ei</span> <span class='ocrx_word' id='word_1_24' title='bbox 647 291 944 332; x_wconf 83' lang='lat' dir='ltr'>formonsitate</span> <span class='ocrx_word' id='word_1_25' title='bbox 987 291 1057 332; x_wconf 93' lang='lat' dir='ltr'>uel</span> <span class='ocrx_word' id='word_1_26' title='bbox 1095 291 1147 332; x_wconf 88' lang='lat' dir='ltr'>ad</span> <span class='ocrx_word' id='word_1_27' title='bbox 1190 306 1317 333; x_wconf 90' lang='lat' dir='ltr'>unam</span> <span class='ocrx_word' id='word_1_28' title='bbox 1356 292 1507 334; x_wconf 89' lang='lat' dir='ltr'>saltem</span> 
     </span>
     <span class='ocr_line' id='line_1_5' title="bbox 163 350 1507 404; baseline 0.001 -13"><span class='ocrx_word' id='word_1_29' title='bbox 163 350 369 391; x_wconf 81' lang='lat' dir='ltr'>dieculam</span> <span class='ocrx_word' id='word_1_30' title='bbox 396 350 624 391; x_wconf 83' lang='lat' dir='ltr'>sufficiens.</span> <span class='ocrx_word' id='word_1_31' title='bbox 666 365 763 391; x_wconf 88' lang='lat' dir='ltr'>nam</span> <span class='ocrx_word' id='word_1_32' title='bbox 791 351 903 404; x_wconf 85' lang='lat' dir='ltr'>quod</span> <span class='ocrx_word' id='word_1_33' title='bbox 928 350 1079 391; x_wconf 89' lang='lat' dir='ltr'>habuit</span> <span class='ocrx_word' id='word_1_34' title='bbox 1099 350 1199 391; x_wconf 90' lang='lat' dir='ltr'>dum</span> <span class='ocrx_word' id='word_1_35' title='bbox 1224 351 1360 392; x_wconf 80' lang='lat' dir='ltr'>filiuni</span> <span class='ocrx_word' id='word_1_36' title='bbox 1387 355 1507 393; x_wconf 87' lang='lat' dir='ltr'>curat</span> 
     </span>
     <span class='ocr_line' id='line_1_6' title="bbox 163 409 1505 464; baseline 0.001 -14"><span class='ocrx_word' id='word_1_37' title='bbox 163 413 383 464; x_wconf 83' lang='lat' dir='ltr'>aegrotum</span> <span class='ocrx_word' id='word_1_38' title='bbox 416 409 680 463; x_wconf 74' lang='lat' dir='ltr'>consumpsit</span> <span class='ocrx_word' id='word_1_39' title='bbox 712 412 837 463; x_wconf 87' lang='lat' dir='ltr'>atque</span> <span class='ocrx_word' id='word_1_40' title='bbox 871 409 1073 450; x_wconf 87' lang='lat' dir='ltr'>contriuit</span> <span class='ocrx_word' id='word_1_41' title='bbox 1099 410 1250 451; x_wconf 86' lang='lat' dir='ltr'>omne.&#39;</span> <span class='ocrx_word' id='word_1_42' title='bbox 1294 410 1366 451; x_wconf 89' lang='lat' dir='ltr'>sed</span> <span class='ocrx_word' id='word_1_43' title='bbox 1391 410 1505 452; x_wconf 88' lang='lat' dir='ltr'>haud</span> 
     </span>
     <span class='ocr_line' id='line_1_7' title="bbox 163 468 1504 523; baseline 0.001 -15"><span class='ocrx_word' id='word_1_44' title='bbox 163 468 431 509; x_wconf 86' lang='lat' dir='ltr'>immaturius</span> <span class='ocrx_word' id='word_1_45' title='bbox 464 468 612 521; x_wconf 82' lang='lat' dir='ltr'>redito,</span> <span class='ocrx_word' id='word_1_46' title='bbox 655 468 753 522; x_wconf 90' lang='lat' dir='ltr'>quia</span> <span class='ocrx_word' id='word_1_47' title='bbox 784 484 850 509; x_wconf 88' lang='lat' dir='ltr'>me</span> <span class='ocrx_word' id='word_1_48' title='bbox 882 482 1052 509; x_wconf 87' lang='lat' dir='ltr'>necesse</span> <span class='ocrx_word' id='word_1_49' title='bbox 1086 468 1187 523; x_wconf 88' lang='lat' dir='ltr'>[est]</span> <span class='ocrx_word' id='word_1_50' title='bbox 1220 468 1406 510; x_wconf 89' lang='lat' dir='ltr'>indidem</span> <span class='ocrx_word' id='word_1_51' title='bbox 1439 469 1504 510; x_wconf 86' lang='lat' dir='ltr'>de-</span> 
     </span>
     <span class='ocr_line' id='line_1_8' title="bbox 161 527 1065 581; baseline 0 -14"><span class='ocrx_word' id='word_1_52' title='bbox 161 527 282 568; x_wconf 87' lang='lat' dir='ltr'>litam</span> <span class='ocrx_word' id='word_1_53' title='bbox 315 527 529 568; x_wconf 84' lang='lat' dir='ltr'>theatrum</span> <span class='ocrx_word' id='word_1_54' title='bbox 563 527 736 567; x_wconf 88' lang='lat' dir='ltr'>deorum</span> <span class='ocrx_word' id='word_1_55' title='bbox 768 527 1065 581; x_wconf 83' lang='lat' dir='ltr'>frequentare.&#39;</span> 
     </span>
    </p>

    <p class='ocr_par' dir='ltr' id='par_1_3' title="bbox 162 585 1591 1880">
     <span class='ocr_line' id='line_1_9' title="bbox 251 585 1506 639; baseline 0.001 -12"><span class='ocrx_word' id='word_1_56' title='bbox 251 585 386 627; x_wconf 82' lang='lat' dir='ltr'>XVII.</span> <span class='ocrx_word' id='word_1_57' title='bbox 419 585 537 627; x_wconf 86' lang='lat' dir='ltr'>Tunc</span> <span class='ocrx_word' id='word_1_58' title='bbox 568 585 732 639; x_wconf 83' lang='lat' dir='ltr'>Psyche</span> <span class='ocrx_word' id='word_1_59' title='bbox 766 586 834 627; x_wconf 92' lang='lat' dir='ltr'>uel</span> <span class='ocrx_word' id='word_1_60' title='bbox 859 586 1042 627; x_wconf 81' lang='lat' dir='ltr'>maxime</span> <span class='ocrx_word' id='word_1_61' title='bbox 1069 586 1201 627; x_wconf 86' lang='lat' dir='ltr'>sensit</span> <span class='ocrx_word' id='word_1_62' title='bbox 1226 586 1398 628; x_wconf 85' lang='lat' dir='ltr'>ultimas</span> <span class='ocrx_word' id='word_1_63' title='bbox 1424 586 1506 628; x_wconf 86' lang='lat' dir='ltr'>for-</span> 
     </span>
     <span class='ocr_line' id='line_1_10' title="bbox 162 645 1506 699; baseline 0.001 -13"><span class='ocrx_word' id='word_1_64' title='bbox 162 648 286 686; x_wconf 88' lang='lat' dir='ltr'>tunas</span> <span class='ocrx_word' id='word_1_65' title='bbox 320 660 417 686; x_wconf 88' lang='lat' dir='ltr'>suas</span> <span class='ocrx_word' id='word_1_66' title='bbox 449 648 491 686; x_wconf 90' lang='lat' dir='ltr'>et</span> <span class='ocrx_word' id='word_1_67' title='bbox 522 645 761 686; x_wconf 88' lang='lat' dir='ltr'>uelamento</span> <span class='ocrx_word' id='word_1_68' title='bbox 794 645 948 686; x_wconf 92' lang='lat' dir='ltr'>reiecto</span> <span class='ocrx_word' id='word_1_69' title='bbox 981 645 1033 685; x_wconf 87' lang='lat' dir='ltr'>ad</span> <span class='ocrx_word' id='word_1_70' title='bbox 1058 648 1302 699; x_wconf 88' lang='lat' dir='ltr'>promptum</span> <span class='ocrx_word' id='word_1_71' title='bbox 1329 646 1506 687; x_wconf 86' lang='lat' dir='ltr'>exitium</span> 
     </span>
     <span class='ocr_line' id='line_1_11' title="bbox 163 704 1540 759; baseline 0.001 -14"><span class='ocrx_word' id='word_1_72' title='bbox 163 719 252 745; x_wconf 89' lang='lat' dir='ltr'>sese</span> <span class='ocrx_word' id='word_1_73' title='bbox 286 704 483 758; x_wconf 88' lang='lat' dir='ltr'>compelli</span> <span class='ocrx_word' id='word_1_74' title='bbox 523 704 746 745; x_wconf 84' lang='lat' dir='ltr'>manifeste</span> <span class='ocrx_word' id='word_1_75' title='bbox 785 704 1001 758; x_wconf 87' lang='lat' dir='ltr'>comperit.</span> <span class='ocrx_word' id='word_1_76' title='bbox 1064 704 1229 758; x_wconf 79' lang='lat' dir='ltr'>quidni,</span> <span class='ocrx_word' id='word_1_77' title='bbox 1271 719 1377 759; x_wconf 89' lang='lat' dir='ltr'>quae</span> <span class='ocrx_word' id='word_1_78' title='bbox 1418 705 1505 746; x_wconf 92' lang='lat' dir='ltr'>suis</span> <span class='ocrx_word' id='word_1_79' title='bbox 1527 723 1540 747; x_wconf 87' lang='lat'>1</span> 
     </span>
     <span class='ocr_line' id='line_1_12' title="bbox 162 762 1591 817; baseline 0.001 -14"><span class='ocrx_word' id='word_1_80' title='bbox 162 763 340 817; x_wconf 89' lang='lat' dir='ltr'>pedibus</span> <span class='ocrx_word' id='word_1_81' title='bbox 385 763 496 804; x_wconf 88' lang='lat' dir='ltr'>ultro</span> <span class='ocrx_word' id='word_1_82' title='bbox 542 763 593 803; x_wconf 87' lang='lat' dir='ltr'>ad</span> <span class='ocrx_word' id='word_1_83' title='bbox 631 763 854 804; x_wconf 83' lang='lat' dir='ltr'>Tartarum</span> <span class='ocrx_word' id='word_1_84' title='bbox 898 763 1128 817; x_wconf 84' lang='lat' dir='ltr'>Manesque</span> <span class='ocrx_word' id='word_1_85' title='bbox 1167 778 1400 805; x_wconf 86' lang='lat' dir='ltr'>commeare</span> <span class='ocrx_word' id='word_1_86' title='bbox 1441 778 1506 805; x_wconf 89' lang='lat' dir='ltr'>co-</span> <span class='ocrx_word' id='word_1_87' title='bbox 1590 762 1591 765; x_wconf 50' lang='lat'>&#39;</span> 
     </span>
     <span class='ocr_line' id='line_1_13' title="bbox 164 822 1506 877; baseline 0.001 -15"><span class='ocrx_word' id='word_1_88' title='bbox 164 825 344 877; x_wconf 77' lang='lat' dir='ltr'>geretur.</span> <span class='ocrx_word' id='word_1_89' title='bbox 389 837 464 863; x_wconf 89' lang='lat' dir='ltr'>nec</span> <span class='ocrx_word' id='word_1_90' title='bbox 491 825 686 863; x_wconf 82' lang='lat' dir='ltr'>cunctata</span> <span class='ocrx_word' id='word_1_91' title='bbox 713 822 872 863; x_wconf 89' lang='lat' dir='ltr'>diutius</span> <span class='ocrx_word' id='word_1_92' title='bbox 904 822 1044 877; x_wconf 82' lang='lat' dir='ltr'>pergit</span> <span class='ocrx_word' id='word_1_93' title='bbox 1075 822 1127 863; x_wconf 90' lang='lat' dir='ltr'>ad</span> <span class='ocrx_word' id='word_1_94' title='bbox 1153 823 1396 876; x_wconf 82' lang='lat' dir='ltr'>quampiam</span> <span class='ocrx_word' id='word_1_95' title='bbox 1420 825 1506 864; x_wconf 91' lang='lat' dir='ltr'>tur-</span> 
     </span>
     <span class='ocr_line' id='line_1_14' title="bbox 163 881 1506 936; baseline 0.001 -15"><span class='ocrx_word' id='word_1_96' title='bbox 163 882 244 922; x_wconf 88' lang='lat' dir='ltr'>rim</span> <span class='ocrx_word' id='word_1_97' title='bbox 282 881 515 935; x_wconf 83' lang='lat' dir='ltr'>praealtam</span> <span class='ocrx_word' id='word_1_98' title='bbox 553 881 738 922; x_wconf 90' lang='lat' dir='ltr'>indidem</span> <span class='ocrx_word' id='word_1_99' title='bbox 784 896 874 923; x_wconf 89' lang='lat' dir='ltr'>sese</span> <span class='ocrx_word' id='word_1_100' title='bbox 919 882 1068 922; x_wconf 86' lang='lat' dir='ltr'>datura</span> <span class='ocrx_word' id='word_1_101' title='bbox 1110 882 1402 936; x_wconf 80' lang='lat' dir='ltr'>praecipitem3</span> <span class='ocrx_word' id='word_1_102' title='bbox 1446 882 1506 924; x_wconf 89' lang='lat' dir='ltr'>sic</span> 
     </span>
     <span class='ocr_line' id='line_1_15' title="bbox 165 940 1591 994; baseline 0.001 -14"><span class='ocrx_word' id='word_1_103' title='bbox 165 941 276 981; x_wconf 87' lang='lat' dir='ltr'>enim</span> <span class='ocrx_word' id='word_1_104' title='bbox 315 941 486 981; x_wconf 88' lang='lat' dir='ltr'>rebatur</span> <span class='ocrx_word' id='word_1_105' title='bbox 530 940 582 981; x_wconf 88' lang='lat' dir='ltr'>ad</span> <span class='ocrx_word' id='word_1_106' title='bbox 619 940 776 981; x_wconf 88' lang='lat' dir='ltr'>inferos</span> <span class='ocrx_word' id='word_1_107' title='bbox 820 944 934 982; x_wconf 88' lang='lat' dir='ltr'>recta</span> <span class='ocrx_word' id='word_1_108' title='bbox 975 944 1100 994; x_wconf 82' lang='lat' dir='ltr'>atque</span> <span class='ocrx_word' id='word_1_109' title='bbox 1137 940 1419 994; x_wconf 86' lang='lat' dir='ltr'>pulcherrime</span> <span class='ocrx_word' id='word_1_110' title='bbox 1463 956 1507 982; x_wconf 89' lang='lat' dir='ltr'>se</span> <span class='ocrx_word' id='word_1_111' title='bbox 1590 983 1591 986; x_wconf 66' lang='grc'>,</span> 
     </span>
     <span class='ocr_line' id='line_1_16' title="bbox 162 999 1591 1054; baseline 0.002 -14"><span class='ocrx_word' id='word_1_112' title='bbox 162 1014 286 1053; x_wconf 90' lang='lat' dir='ltr'>posse</span> <span class='ocrx_word' id='word_1_113' title='bbox 319 999 579 1040; x_wconf 80' lang='lat' dir='ltr'>descendere</span> <span class='ocrx_word' id='word_1_114' title='bbox 643 1000 715 1040; x_wconf 90' lang='lat' dir='ltr'>sed</span> <span class='ocrx_word' id='word_1_115' title='bbox 746 1000 876 1041; x_wconf 88' lang='lat' dir='ltr'>turris</span> <span class='ocrx_word' id='word_1_116' title='bbox 915 1000 1154 1054; x_wconf 78' lang='lat' dir='ltr'>prorumpit</span> <span class='ocrx_word' id='word_1_117' title='bbox 1186 1000 1229 1040; x_wconf 89' lang='lat' dir='ltr'>in</span> <span class='ocrx_word' id='word_1_118' title='bbox 1260 1014 1408 1041; x_wconf 89' lang='lat' dir='ltr'>uocem</span> <span class='ocrx_word' id='word_1_119' title='bbox 1441 1014 1506 1041; x_wconf 91' lang='lat' dir='ltr'>su·</span> <span class='ocrx_word' id='word_1_120' title='bbox 1527 1019 1540 1043; x_wconf 93' lang='lat'>1</span> <span class='ocrx_word' id='word_1_121' title='bbox 1589 1028 1591 1031; x_wconf 95' lang='lat'>-</span> 
     </span>
     <span class='ocr_line' id='line_1_17' title="bbox 162 1058 1506 1124; baseline 0.002 -26"><span class='ocrx_word' id='word_1_122' title='bbox 162 1059 297 1099; x_wconf 89' lang='lat' dir='ltr'>bitam</span> <span class='ocrx_word' id='word_1_123' title='bbox 329 1061 371 1099; x_wconf 90' lang='lat' dir='ltr'>et</span> <span class='ocrx_word' id='word_1_124' title='bbox 396 1058 515 1112; x_wconf 85' lang='lat' dir='ltr'>quid</span> <span class='ocrx_word' id='word_1_125' title='bbox 540 1058 598 1099; x_wconf 83' lang='lat' dir='ltr'>te’</span> <span class='ocrx_word' id='word_1_126' title='bbox 626 1058 765 1112; x_wconf 84' lang='lat' dir='ltr'>inquit</span> <span class='ocrx_word' id='word_1_127' title='bbox 791 1059 1092 1124; x_wconf 81' lang='lat' dir='ltr'>praecipitem,</span> <span class='ocrx_word' id='word_1_128' title='bbox 1125 1073 1148 1099; x_wconf 94' lang='lat'>0</span> <span class='ocrx_word' id='word_1_129' title='bbox 1174 1058 1351 1112; x_wconf 89' lang='lat' dir='ltr'>misella,</span> <span class='ocrx_word' id='word_1_130' title='bbox 1384 1073 1506 1113; x_wconf 88' lang='lat' dir='ltr'>quae-</span> 
     </span>
     <span class='ocr_line' id='line_1_18' title="bbox 163 1117 1507 1172; baseline 0.001 -15"><span class='ocrx_word' id='word_1_131' title='bbox 163 1118 221 1158; x_wconf 91' lang='lat' dir='ltr'>ris</span> <span class='ocrx_word' id='word_1_132' title='bbox 254 1117 531 1172; x_wconf 72' lang='lat' dir='ltr'>extinguere&gt;</span> <span class='ocrx_word' id='word_1_133' title='bbox 575 1117 759 1171; x_wconf 82' lang='lat' dir='ltr'>quidque</span> <span class='ocrx_word' id='word_1_134' title='bbox 792 1117 877 1158; x_wconf 88' lang='lat' dir='ltr'>iam</span> <span class='ocrx_word' id='word_1_135' title='bbox 909 1118 1142 1158; x_wconf 88' lang='lat' dir='ltr'>nouissimo</span> <span class='ocrx_word' id='word_1_136' title='bbox 1174 1118 1361 1171; x_wconf 89' lang='lat' dir='ltr'>periculo</span> <span class='ocrx_word' id='word_1_137' title='bbox 1393 1118 1507 1159; x_wconf 88' lang='lat' dir='ltr'>labo-</span> 
     </span>
     <span class='ocr_line' id='line_1_19' title="bbox 163 1176 1507 1231; baseline 0.001 -14"><span class='ocrx_word' id='word_1_138' title='bbox 163 1177 283 1230; x_wconf 84' lang='lat' dir='ltr'>rique</span> <span class='ocrx_word' id='word_1_139' title='bbox 321 1176 403 1217; x_wconf 90' lang='lat' dir='ltr'>isto</span> <span class='ocrx_word' id='word_1_140' title='bbox 436 1182 592 1217; x_wconf 88' lang='lat' dir='ltr'>temere</span> <span class='ocrx_word' id='word_1_141' title='bbox 626 1176 895 1218; x_wconf 79' lang='lat' dir='ltr'>succumbis?</span> <span class='ocrx_word' id='word_1_142' title='bbox 928 1191 1025 1217; x_wconf 88' lang='lat' dir='ltr'>nam</span> <span class='ocrx_word' id='word_1_143' title='bbox 1057 1176 1093 1217; x_wconf 90' lang='lat' dir='ltr'>si</span> <span class='ocrx_word' id='word_1_144' title='bbox 1126 1177 1301 1230; x_wconf 89' lang='lat' dir='ltr'>spiritus</span> <span class='ocrx_word' id='word_1_145' title='bbox 1334 1191 1507 1231; x_wconf 88' lang='lat' dir='ltr'>corpore</span> 
     </span>
     <span class='ocr_line' id='line_1_20' title="bbox 163 1235 1508 1290; baseline 0 -14"><span class='ocrx_word' id='word_1_146' title='bbox 163 1238 237 1276; x_wconf 92' lang='lat' dir='ltr'>tuo</span> <span class='ocrx_word' id='word_1_147' title='bbox 283 1235 413 1276; x_wconf 89' lang='lat' dir='ltr'>semel</span> <span class='ocrx_word' id='word_1_148' title='bbox 449 1235 579 1276; x_wconf 85' lang='lat' dir='ltr'>fuerit</span> <span class='ocrx_word' id='word_1_149' title='bbox 611 1235 846 1290; x_wconf 77' lang='lat' dir='ltr'>seiugatus,</span> <span class='ocrx_word' id='word_1_150' title='bbox 884 1235 966 1277; x_wconf 87' lang='lat' dir='ltr'>ibis</span> <span class='ocrx_word' id='word_1_151' title='bbox 1008 1235 1178 1289; x_wconf 86' lang='lat' dir='ltr'>quidem</span> <span class='ocrx_word' id='word_1_152' title='bbox 1221 1235 1411 1289; x_wconf 88' lang='lat' dir='ltr'>profecto</span> <span class='ocrx_word' id='word_1_153' title='bbox 1456 1236 1508 1276; x_wconf 89' lang='lat' dir='ltr'>ad</span> 
     </span>
     <span class='ocr_line' id='line_1_21' title="bbox 164 1294 1591 1348; baseline 0.002 -14"><span class='ocrx_word' id='word_1_154' title='bbox 164 1295 296 1335; x_wconf 91' lang='lat' dir='ltr'>imum</span> <span class='ocrx_word' id='word_1_155' title='bbox 335 1294 560 1335; x_wconf 86' lang='lat' dir='ltr'>Tartarum</span> <span class='ocrx_word' id='word_1_156' title='bbox 598 1294 671 1335; x_wconf 91' lang='lat' dir='ltr'>sed</span> <span class='ocrx_word' id='word_1_157' title='bbox 708 1295 804 1335; x_wconf 90' lang='lat' dir='ltr'>inde</span> <span class='ocrx_word' id='word_1_158' title='bbox 845 1294 962 1335; x_wconf 89' lang='lat' dir='ltr'>nullo</span> <span class='ocrx_word' id='word_1_159' title='bbox 1000 1297 1124 1348; x_wconf 90' lang='lat' dir='ltr'>pacto</span> <span class='ocrx_word' id='word_1_160' title='bbox 1162 1295 1297 1336; x_wconf 88' lang='lat' dir='ltr'>redire</span> <span class='ocrx_word' id='word_1_161' title='bbox 1336 1295 1505 1348; x_wconf 88' lang='lat' dir='ltr'>poteris.</span> <span class='ocrx_word' id='word_1_162' title='bbox 1526 1314 1540 1338; x_wconf 83' lang='lat'><strong>2</strong></span> <span class='ocrx_word' id='word_1_163' title='bbox 1584 1311 1591 1348; x_wconf 59' lang='lat' dir='ltr'>ff</span> 
     </span>
     <span class='ocr_line' id='line_1_22' title="bbox 162 1352 1506 1395; baseline 0 -1"><span class='ocrx_word' id='word_1_164' title='bbox 162 1353 268 1394; x_wconf 88' lang='lat' dir='ltr'>mihi</span> <span class='ocrx_word' id='word_1_165' title='bbox 295 1353 497 1394; x_wconf 88' lang='lat' dir='ltr'>ausculta.</span> <span class='ocrx_word' id='word_1_166' title='bbox 538 1352 696 1394; x_wconf 84' lang='lat' dir='ltr'>XVIII.</span> <span class='ocrx_word' id='word_1_167' title='bbox 722 1353 981 1395; x_wconf 87' lang='lat' dir='ltr'>Lacedaemo</span> <span class='ocrx_word' id='word_1_168' title='bbox 1007 1352 1193 1394; x_wconf 88' lang='lat' dir='ltr'>Achaiae</span> <span class='ocrx_word' id='word_1_169' title='bbox 1218 1353 1374 1395; x_wconf 89' lang='lat' dir='ltr'>nobilis</span> <span class='ocrx_word' id='word_1_170' title='bbox 1406 1354 1506 1395; x_wconf 90' lang='lat' dir='ltr'>ciui-</span> 
     </span>
     <span class='ocr_line' id='line_1_23' title="bbox 163 1412 1506 1467; baseline 0 -14"><span class='ocrx_word' id='word_1_171' title='bbox 163 1416 228 1453; x_wconf 89' lang='lat' dir='ltr'>tas</span> <span class='ocrx_word' id='word_1_172' title='bbox 260 1427 344 1453; x_wconf 89' lang='lat' dir='ltr'>non</span> <span class='ocrx_word' id='word_1_173' title='bbox 376 1412 502 1467; x_wconf 76' lang='lat' dir='ltr'>longe</span> <span class='ocrx_word' id='word_1_174' title='bbox 535 1413 617 1454; x_wconf 87' lang='lat' dir='ltr'>sita</span> <span class='ocrx_word' id='word_1_175' title='bbox 648 1415 728 1453; x_wconf 89' lang='lat' dir='ltr'>est:</span> <span class='ocrx_word' id='word_1_176' title='bbox 771 1412 898 1454; x_wconf 91' lang='lat' dir='ltr'>huius</span> <span class='ocrx_word' id='word_1_177' title='bbox 937 1413 1242 1453; x_wconf 88' lang='lat' dir='ltr'>conterminam</span> <span class='ocrx_word' id='word_1_178' title='bbox 1269 1413 1402 1454; x_wconf 90' lang='lat' dir='ltr'>deuiis</span> <span class='ocrx_word' id='word_1_179' title='bbox 1438 1413 1506 1453; x_wconf 89' lang='lat' dir='ltr'>ab·</span> 
     </span>
     <span class='ocr_line' id='line_1_24' title="bbox 164 1471 1507 1525; baseline 0 -13"><span class='ocrx_word' id='word_1_180' title='bbox 164 1472 295 1512; x_wconf 88' lang='lat' dir='ltr'>ditam</span> <span class='ocrx_word' id='word_1_181' title='bbox 326 1471 430 1512; x_wconf 89' lang='lat' dir='ltr'>locis</span> <span class='ocrx_word' id='word_1_182' title='bbox 463 1486 616 1525; x_wconf 87' lang='lat' dir='ltr'>quaere</span> <span class='ocrx_word' id='word_1_183' title='bbox 647 1471 895 1512; x_wconf 86' lang='lat' dir='ltr'>Taenarum</span> <span class='ocrx_word' id='word_1_184' title='bbox 958 1472 1063 1512; x_wconf 86' lang='lat' dir='ltr'>inibi</span> <span class='ocrx_word' id='word_1_185' title='bbox 1105 1471 1361 1525; x_wconf 75' lang='lat' dir='ltr'>spiraculum</span> <span class='ocrx_word' id='word_1_186' title='bbox 1392 1471 1507 1513; x_wconf 88' lang='lat' dir='ltr'>Ditis</span> 
     </span>
     <span class='ocr_line' id='line_1_25' title="bbox 164 1530 1591 1596; baseline 0 -25"><span class='ocrx_word' id='word_1_187' title='bbox 164 1534 205 1572; x_wconf 91' lang='lat' dir='ltr'>et</span> <span class='ocrx_word' id='word_1_188' title='bbox 225 1546 298 1584; x_wconf 78' lang='lat' dir='ltr'>pei</span> <span class='ocrx_word' id='word_1_189' title='bbox 317 1533 462 1584; x_wconf 87' lang='lat' dir='ltr'>portas</span> <span class='ocrx_word' id='word_1_190' title='bbox 481 1530 648 1571; x_wconf 86' lang='lat' dir='ltr'>hiantes</span> <span class='ocrx_word' id='word_1_191' title='bbox 668 1534 930 1572; x_wconf 78' lang='lat' dir='ltr'>monstratur</span> <span class='ocrx_word' id='word_1_192' title='bbox 949 1531 1030 1572; x_wconf 91' lang='lat' dir='ltr'>iter</span> <span class='ocrx_word' id='word_1_193' title='bbox 1050 1531 1226 1596; x_wconf 78' lang='lat' dir='ltr'>inuium,</span> <span class='ocrx_word' id='word_1_194' title='bbox 1253 1530 1309 1584; x_wconf 91' lang='lat' dir='ltr'>[p.</span> <span class='ocrx_word' id='word_1_195' title='bbox 1328 1530 1422 1571; x_wconf 75' lang='grc'><strong>108.</strong></span> <span class='ocrx_word' id='word_1_196' title='bbox 1435 1530 1505 1585; x_wconf 73' lang='grc' dir='ltr'>Ε]</span> <span class='ocrx_word' id='word_1_197' title='bbox 1590 1569 1591 1572; x_wconf 75' lang='grc'>,</span> 
     </span>
     <span class='ocr_line' id='line_1_26' title="bbox 164 1589 1591 1644; baseline 0.001 -14"><span class='ocrx_word' id='word_1_198' title='bbox 164 1590 231 1630; x_wconf 91' lang='lat' dir='ltr'>cui</span> <span class='ocrx_word' id='word_1_199' title='bbox 262 1593 304 1630; x_wconf 90' lang='lat' dir='ltr'>te</span> <span class='ocrx_word' id='word_1_200' title='bbox 334 1589 481 1630; x_wconf 77' lang='lat' dir='ltr'>limine</span> <span class='ocrx_word' id='word_1_201' title='bbox 507 1592 765 1630; x_wconf 73' lang='lat' dir='ltr'>transmeato</span> <span class='ocrx_word' id='word_1_202' title='bbox 793 1590 921 1631; x_wconf 91' lang='lat' dir='ltr'>simul</span> <span class='ocrx_word' id='word_1_203' title='bbox 947 1590 1220 1642; x_wconf 87' lang='lat' dir='ltr'>commiseris,</span> <span class='ocrx_word' id='word_1_204' title='bbox 1252 1589 1335 1630; x_wconf 88' lang='lat' dir='ltr'>iam</span> <span class='ocrx_word' id='word_1_205' title='bbox 1362 1589 1504 1631; x_wconf 89' lang='lat' dir='ltr'>canale</span> <span class='ocrx_word' id='word_1_206' title='bbox 1524 1608 1540 1632; x_wconf 82' lang='lat'><strong>2</strong></span> <span class='ocrx_word' id='word_1_207' title='bbox 1585 1617 1591 1644; x_wconf 66' lang='grc'><strong>1</strong></span> 
     </span>
     <span class='ocr_line' id='line_1_27' title="bbox 165 1624 1505 1703; baseline 0.002 -15"><span class='ocrx_word' id='word_1_208' title='bbox 165 1649 323 1690; x_wconf 84' lang='lat' dir='ltr'>directo</span> <span class='ocrx_word' id='word_1_209' title='bbox 355 1662 505 1702; x_wconf 77' lang='lat' dir='ltr'>perges</span> <span class='ocrx_word' id='word_1_210' title='bbox 538 1649 589 1689; x_wconf 88' lang='lat' dir='ltr'>ad</span> <span class='ocrx_word' id='word_1_211' title='bbox 621 1649 756 1702; x_wconf 88' lang='lat' dir='ltr'>ipsam</span> <span class='ocrx_word' id='word_1_212' title='bbox 789 1647 887 1689; x_wconf 75' lang='lat' dir='ltr'>Orci</span> <span class='ocrx_word' id='word_1_213' title='bbox 920 1649 1090 1703; x_wconf 81' lang='lat' dir='ltr'>regiam.</span> <span class='ocrx_word' id='word_1_214' title='bbox 1147 1624 1220 1690; x_wconf 83' lang='lat' dir='ltr'>sed</span> <span class='ocrx_word' id='word_1_215' title='bbox 1251 1663 1336 1689; x_wconf 92' lang='lat' dir='ltr'>non</span> <span class='ocrx_word' id='word_1_216' title='bbox 1367 1648 1505 1690; x_wconf 87' lang='lat' dir='ltr'>hacte-</span> 
     </span>
     <span class='ocr_line' id='line_1_28' title="bbox 163 1707 1506 1761; baseline 0 -13"><span class='ocrx_word' id='word_1_217' title='bbox 163 1723 242 1748; x_wconf 91' lang='lat' dir='ltr'>nus</span> <span class='ocrx_word' id='word_1_218' title='bbox 274 1722 408 1748; x_wconf 90' lang='lat' dir='ltr'>uacua</span> <span class='ocrx_word' id='word_1_219' title='bbox 440 1707 611 1748; x_wconf 89' lang='lat' dir='ltr'>debebis</span> <span class='ocrx_word' id='word_1_220' title='bbox 643 1722 718 1761; x_wconf 89' lang='lat' dir='ltr'>per</span> <span class='ocrx_word' id='word_1_221' title='bbox 744 1707 837 1749; x_wconf 88' lang='lat' dir='ltr'>illas</span> <span class='ocrx_word' id='word_1_222' title='bbox 864 1708 1059 1749; x_wconf 88' lang='lat' dir='ltr'>tenebras</span> <span class='ocrx_word' id='word_1_223' title='bbox 1086 1707 1277 1749; x_wconf 88' lang='lat' dir='ltr'>incedere</span> <span class='ocrx_word' id='word_1_224' title='bbox 1303 1707 1376 1748; x_wconf 90' lang='lat' dir='ltr'>sed</span> <span class='ocrx_word' id='word_1_225' title='bbox 1401 1708 1506 1748; x_wconf 86' lang='lat' dir='ltr'>offas</span> 
     </span>
     <span class='ocr_line' id='line_1_29' title="bbox 163 1766 1507 1821; baseline 0 -14"><span class='ocrx_word' id='word_1_226' title='bbox 163 1766 358 1820; x_wconf 89' lang='lat' dir='ltr'>polentae</span> <span class='ocrx_word' id='word_1_227' title='bbox 390 1766 527 1807; x_wconf 87' lang='lat' dir='ltr'>mulso</span> <span class='ocrx_word' id='word_1_228' title='bbox 560 1770 775 1808; x_wconf 87' lang='lat' dir='ltr'>concretas</span> <span class='ocrx_word' id='word_1_229' title='bbox 802 1767 1007 1808; x_wconf 88' lang='lat' dir='ltr'>ambabus</span> <span class='ocrx_word' id='word_1_230' title='bbox 1033 1769 1198 1821; x_wconf 81' lang='lat' dir='ltr'>gestare</span> <span class='ocrx_word' id='word_1_231' title='bbox 1224 1766 1432 1820; x_wconf 85' lang='lat' dir='ltr'>manibus,</span> <span class='ocrx_word' id='word_1_232' title='bbox 1464 1770 1507 1807; x_wconf 92' lang='lat' dir='ltr'>at</span> 
     </span>
     <span class='ocr_line' id='line_1_30' title="bbox 163 1825 1507 1880; baseline 0 -14"><span class='ocrx_word' id='word_1_233' title='bbox 163 1826 206 1866; x_wconf 90' lang='lat' dir='ltr'>in</span> <span class='ocrx_word' id='word_1_234' title='bbox 240 1826 331 1880; x_wconf 92' lang='lat' dir='ltr'>ipso</span> <span class='ocrx_word' id='word_1_235' title='bbox 371 1840 441 1866; x_wconf 92' lang='lat' dir='ltr'>ore</span> <span class='ocrx_word' id='word_1_236' title='bbox 480 1825 583 1867; x_wconf 89' lang='lat' dir='ltr'>duas</span> <span class='ocrx_word' id='word_1_237' title='bbox 623 1826 732 1867; x_wconf 84' lang='lat' dir='ltr'>ferre</span> <span class='ocrx_word' id='word_1_238' title='bbox 771 1826 913 1880; x_wconf 89' lang='lat' dir='ltr'>stipes.</span> <span class='ocrx_word' id='word_1_239' title='bbox 975 1826 1143 1880; x_wconf 87' lang='lat' dir='ltr'>iamque</span> <span class='ocrx_word' id='word_1_240' title='bbox 1176 1825 1365 1867; x_wconf 87' lang='lat' dir='ltr'>confecta</span> <span class='ocrx_word' id='word_1_241' title='bbox 1395 1826 1507 1866; x_wconf 88' lang='lat' dir='ltr'>bona</span> 
     </span>
    </p>
   </div>
   <div class='ocr_carea' id='block_1_3' title="bbox 1542 0 1591 2556">
    <p class='ocr_par' dir='ltr' id='par_1_4' title="bbox 1542 0 1591 2556">
     <span class='ocr_line' id='line_1_31' title="bbox 1542 0 1591 2556; baseline 0 0"><span class='ocrx_word' id='word_1_242' title='bbox 1542 0 1591 2556; x_wconf 95' lang='lat' dir='ltr'> </span> 
     </span>
    </p>
   </div>
   <div class='ocr_carea' id='block_1_4' title="bbox 164 1975 1506 2352">
    <p class='ocr_par' dir='ltr' id='par_1_5' title="bbox 164 1975 1506 2352">
     <span class='ocr_line' id='line_1_32' title="bbox 260 1975 1506 2022; baseline 0.001 -13"><span class='ocrx_word' id='word_1_243' title='bbox 260 1980 276 2010; x_wconf 91' lang='lat'>1</span> <span class='ocrx_word' id='word_1_244' title='bbox 312 1975 448 2020; x_wconf 83' lang='lat' dir='ltr'>derige.</span> <span class='ocrx_word' id='word_1_245' title='bbox 475 1978 563 2011; x_wconf 88' lang='lat' dir='ltr'>tunc</span> <span class='ocrx_word' id='word_1_246' title='bbox 584 1976 775 2011; x_wconf 88' lang='lat' dir='ltr'>conferens</span> <span class='ocrx_word' id='word_1_247' title='bbox 795 1978 923 2021; x_wconf 69' lang='lat' dir='ltr'>scripsi</span> <span class='ocrx_word' id='word_1_248' title='bbox 949 1976 1093 2021; x_wconf 85' lang='lat' dir='ltr'>deriget</span> <span class='ocrx_word' id='word_1_249' title='bbox 1111 1978 1199 2011; x_wconf 87' lang='lat' dir='ltr'>tunc</span> <span class='ocrx_word' id='word_1_250' title='bbox 1220 1987 1248 2010; x_wconf 92' lang='lat' dir='ltr'>c.</span> <span class='ocrx_word' id='word_1_251' title='bbox 1270 1976 1353 2021; x_wconf 74' lang='grc' dir='ltr'>Ρφ1</span> <span class='ocrx_word' id='word_1_252' title='bbox 1379 1976 1506 2022; x_wconf 86' lang='lat' dir='ltr'>derige</span> 
     </span>
     <span class='ocr_line' id='line_1_33' title="bbox 165 2023 1506 2069; baseline 0 -11"><span class='ocrx_word' id='word_1_253' title='bbox 165 2025 202 2058; x_wconf 90' lang='lat' dir='ltr'>et</span> <span class='ocrx_word' id='word_1_254' title='bbox 227 2025 315 2057; x_wconf 85' lang='lat' dir='ltr'>tunc</span> <span class='ocrx_word' id='word_1_255' title='bbox 342 2023 532 2058; x_wconf 82' lang='lat' dir='ltr'>conferens</span> <span class='ocrx_word' id='word_1_256' title='bbox 554 2025 629 2059; x_wconf 72' lang='lat' dir='ltr'>Pet.</span> <span class='ocrx_word' id='word_1_257' title='bbox 663 2023 854 2058; x_wconf 85' lang='lat' dir='ltr'>conferens</span> <span class='ocrx_word' id='word_1_258' title='bbox 880 2035 905 2069; x_wconf 87' lang='lat' dir='ltr'>g</span> <span class='ocrx_word' id='word_1_259' title='bbox 937 2023 1101 2058; x_wconf 86' lang='lat' dir='ltr'>conferes</span> <span class='ocrx_word' id='word_1_260' title='bbox 1127 2023 1223 2067; x_wconf 72' lang='grc' dir='ltr'>Εφὸ</span> <span class='ocrx_word' id='word_1_261' title='bbox 1296 2027 1315 2057; x_wconf 90' lang='grc'><strong>6</strong></span> <span class='ocrx_word' id='word_1_262' title='bbox 1342 2025 1458 2058; x_wconf 75' lang='lat' dir='ltr'>estin</span> <span class='ocrx_word' id='word_1_263' title='bbox 1478 2024 1506 2058; x_wconf 88' lang='lat' dir='ltr'><strong>F</strong></span> 
     </span>
     <span class='ocr_line' id='line_1_34' title="bbox 164 2070 1506 2116; baseline -0.001 -11"><span class='ocrx_word' id='word_1_264' title='bbox 164 2071 247 2105; x_wconf 79' lang='lat' dir='ltr'>add.</span> <span class='ocrx_word' id='word_1_265' title='bbox 263 2082 306 2105; x_wconf 82' lang='lat' dir='ltr'>m.</span> <span class='ocrx_word' id='word_1_266' title='bbox 322 2083 350 2105; x_wconf 81' lang='lat' dir='ltr'>r.</span> <span class='ocrx_word' id='word_1_267' title='bbox 384 2072 440 2104; x_wconf 88' lang='lat' dir='ltr'>est</span> <span class='ocrx_word' id='word_1_268' title='bbox 460 2070 625 2105; x_wconf 84' lang='lat' dir='ltr'>indidem</span> <span class='ocrx_word' id='word_1_269' title='bbox 646 2085 673 2115; x_wconf 87' lang='grc' dir='ltr'>φ</span> <span class='ocrx_word' id='word_1_270' title='bbox 695 2073 727 2116; x_wconf 89' lang='lat' dir='ltr'>(e</span> <span class='ocrx_word' id='word_1_271' title='bbox 747 2073 788 2106; x_wconf 42' lang='lat' dir='ltr'>ivn</span> <span class='ocrx_word' id='word_1_272' title='bbox 808 2072 864 2105; x_wconf 89' lang='lat' dir='ltr'>est</span> <span class='ocrx_word' id='word_1_273' title='bbox 884 2072 966 2106; x_wconf 77' lang='lat' dir='ltr'>add.</span> <span class='ocrx_word' id='word_1_274' title='bbox 982 2083 1025 2106; x_wconf 83' lang='lat' dir='ltr'>m.</span> <span class='ocrx_word' id='word_1_275' title='bbox 1040 2073 1084 2115; x_wconf 73' lang='lat' dir='ltr'>r.)</span> <span class='ocrx_word' id='word_1_276' title='bbox 1159 2074 1202 2104; x_wconf 76' lang='lat'>14</span> <span class='ocrx_word' id='word_1_277' title='bbox 1221 2072 1320 2105; x_wconf 85' lang='lat' dir='ltr'>recte</span> <span class='ocrx_word' id='word_1_278' title='bbox 1339 2072 1419 2106; x_wconf 77' lang='lat' dir='ltr'>cdd.</span> <span class='ocrx_word' id='word_1_279' title='bbox 1445 2071 1506 2106; x_wconf 88' lang='lat' dir='ltr'>uel</span> 
     </span>
     <span class='ocr_line' id='line_1_35' title="bbox 165 2117 1505 2162; baseline 0 -10"><span class='ocrx_word' id='word_1_280' title='bbox 165 2118 214 2152; x_wconf 84' lang='lat' dir='ltr'>ad</span> <span class='ocrx_word' id='word_1_281' title='bbox 240 2119 262 2151; x_wconf 79' lang='grc' dir='ltr'><em>ὃ</em></span> <span class='ocrx_word' id='word_1_282' title='bbox 361 2121 401 2151; x_wconf 85' lang='grc'>17</span> <span class='ocrx_word' id='word_1_283' title='bbox 428 2117 591 2161; x_wconf 86' lang='lat' dir='ltr'>quidque</span> <span class='ocrx_word' id='word_1_284' title='bbox 618 2119 645 2152; x_wconf 81' lang='lat' dir='ltr'><strong>F</strong></span> <span class='ocrx_word' id='word_1_285' title='bbox 672 2119 744 2162; x_wconf 79' lang='lat' dir='ltr'>(sed</span> <span class='ocrx_word' id='word_1_286' title='bbox 770 2129 840 2161; x_wconf 82' lang='lat' dir='ltr'>que</span> <span class='ocrx_word' id='word_1_287' title='bbox 866 2119 1031 2162; x_wconf 76' lang='lat' dir='ltr'>deletum)</span> <span class='ocrx_word' id='word_1_288' title='bbox 1063 2117 1154 2161; x_wconf 86' lang='lat' dir='ltr'>quid</span> <span class='ocrx_word' id='word_1_289' title='bbox 1179 2121 1203 2161; x_wconf 69' lang='grc' dir='ltr'><strong>ᾇ</strong></span> <span class='ocrx_word' id='word_1_290' title='bbox 1230 2131 1257 2162; x_wconf 85' lang='grc' dir='ltr'>φ</span> <span class='ocrx_word' id='word_1_291' title='bbox 1356 2121 1399 2152; x_wconf 90' lang='grc'>18</span> <span class='ocrx_word' id='word_1_292' title='bbox 1425 2129 1505 2152; x_wconf 87' lang='lat' dir='ltr'>suc-</span> 
     </span>
     <span class='ocr_line' id='line_1_36' title="bbox 166 2164 1504 2211; baseline 0.001 -13"><span class='ocrx_word' id='word_1_293' title='bbox 166 2164 307 2199; x_wconf 88' lang='lat' dir='ltr'>cumbis</span> <span class='ocrx_word' id='word_1_294' title='bbox 334 2164 361 2198; x_wconf 85' lang='lat' dir='ltr'>F</span> <span class='ocrx_word' id='word_1_295' title='bbox 388 2166 465 2209; x_wconf 76' lang='lat' dir='ltr'>(scr.</span> <span class='ocrx_word' id='word_1_296' title='bbox 495 2177 536 2199; x_wconf 85' lang='lat' dir='ltr'>m.</span> <span class='ocrx_word' id='word_1_297' title='bbox 563 2168 606 2209; x_wconf 69' lang='lat' dir='ltr'>r.)</span> <span class='ocrx_word' id='word_1_298' title='bbox 650 2165 833 2200; x_wconf 85' lang='lat' dir='ltr'>incumbis</span> <span class='ocrx_word' id='word_1_299' title='bbox 859 2179 886 2210; x_wconf 86' lang='grc' dir='ltr'>φ</span> <span class='ocrx_word' id='word_1_300' title='bbox 914 2167 993 2210; x_wconf 77' lang='lat' dir='ltr'>(scr.</span> <span class='ocrx_word' id='word_1_301' title='bbox 1020 2177 1064 2200; x_wconf 82' lang='lat' dir='ltr'>m.</span> <span class='ocrx_word' id='word_1_302' title='bbox 1090 2167 1134 2210; x_wconf 79' lang='lat' dir='ltr'>r.)</span> <span class='ocrx_word' id='word_1_303' title='bbox 1250 2168 1293 2199; x_wconf 80' lang='lat'>23</span> <span class='ocrx_word' id='word_1_304' title='bbox 1325 2166 1370 2208; x_wconf 78' lang='lat' dir='ltr'>cf.</span> <span class='ocrx_word' id='word_1_305' title='bbox 1404 2165 1504 2211; x_wconf 72' lang='lat' dir='ltr'>Verq.</span> 
     </span>
     <span class='ocr_line' id='line_1_37' title="bbox 165 2211 1506 2257; baseline 0.001 -11"><span class='ocrx_word' id='word_1_306' title='bbox 165 2212 256 2247; x_wconf 80' lang='lat' dir='ltr'>Aen.</span> <span class='ocrx_word' id='word_1_307' title='bbox 282 2211 358 2246; x_wconf 82' lang='lat' dir='ltr'>VH.</span> <span class='ocrx_word' id='word_1_308' title='bbox 387 2215 455 2245; x_wconf 80' lang='lat'>568</span> <span class='ocrx_word' id='word_1_309' title='bbox 566 2216 608 2245; x_wconf 75' lang='lat'>‘25</span> <span class='ocrx_word' id='word_1_310' title='bbox 642 2212 701 2246; x_wconf 91' lang='lat' dir='ltr'>cui</span> <span class='ocrx_word' id='word_1_311' title='bbox 728 2213 905 2247; x_wconf 64' lang='lat' dir='ltr'>floridus</span> <span class='ocrx_word' id='word_1_312' title='bbox 921 2213 970 2247; x_wconf 83' lang='lat' dir='ltr'>E.</span> <span class='ocrx_word' id='word_1_313' title='bbox 1015 2211 1119 2247; x_wconf 82' lang='lat' dir='ltr'>cuius</span> <span class='ocrx_word' id='word_1_314' title='bbox 1151 2212 1228 2247; x_wconf 80' lang='lat' dir='ltr'>cdd.</span> <span class='ocrx_word' id='word_1_315' title='bbox 1327 2211 1455 2247; x_wconf 84' lang='lat' dir='ltr'>limine</span> <span class='ocrx_word' id='word_1_316' title='bbox 1480 2224 1506 2257; x_wconf 87' lang='lat' dir='ltr'>g</span> 
     </span>
     <span class='ocr_line' id='line_1_38' title="bbox 164 2259 1505 2304; baseline 0.001 -12"><span class='ocrx_word' id='word_1_317' title='bbox 164 2259 284 2293; x_wconf 87' lang='lat' dir='ltr'>limite</span> <span class='ocrx_word' id='word_1_318' title='bbox 315 2259 410 2303; x_wconf 74' lang='grc' dir='ltr'>Ρφδ</span> <span class='ocrx_word' id='word_1_319' title='bbox 507 2263 619 2293; x_wconf 63' lang='grc'>2627</span> <span class='ocrx_word' id='word_1_320' title='bbox 654 2261 774 2302; x_wconf 69' lang='lat' dir='ltr'>actem</span> <span class='ocrx_word' id='word_1_321' title='bbox 806 2260 833 2293; x_wconf 90' lang='lat' dir='ltr'><strong>F</strong></span> <span class='ocrx_word' id='word_1_322' title='bbox 936 2263 980 2294; x_wconf 76' lang='lat'>28</span> <span class='ocrx_word' id='word_1_323' title='bbox 1011 2259 1175 2304; x_wconf 85' lang='lat' dir='ltr'>pollente</span> <span class='ocrx_word' id='word_1_324' title='bbox 1208 2259 1235 2292; x_wconf 89' lang='lat' dir='ltr'><strong>F</strong></span> <span class='ocrx_word' id='word_1_325' title='bbox 1279 2259 1444 2304; x_wconf 78' lang='lat' dir='ltr'>pollente</span> <span class='ocrx_word' id='word_1_326' title='bbox 1476 2273 1505 2304; x_wconf 82' lang='grc' dir='ltr'><strong><em>φ</em></strong></span> 
     </span>
     <span class='ocr_line' id='line_1_39' title="bbox 165 2306 886 2352; baseline 0.001 -12"><span class='ocrx_word' id='word_1_327' title='bbox 165 2308 209 2349; x_wconf 72' lang='lat' dir='ltr'>cf.</span> <span class='ocrx_word' id='word_1_328' title='bbox 244 2306 344 2352; x_wconf 60' lang='lat' dir='ltr'>Vera.</span> <span class='ocrx_word' id='word_1_329' title='bbox 372 2306 462 2341; x_wconf 79' lang='lat' dir='ltr'>Aen.</span> <span class='ocrx_word' id='word_1_330' title='bbox 490 2306 549 2341; x_wconf 85' lang='lat' dir='ltr'>VI.</span> <span class='ocrx_word' id='word_1_331' title='bbox 579 2310 647 2340; x_wconf 75' lang='lat'>420</span> <span class='ocrx_word' id='word_1_332' title='bbox 745 2309 784 2341; x_wconf 82' lang='lat' dir='ltr'>at</span> <span class='ocrx_word' id='word_1_333' title='bbox 809 2308 886 2342; x_wconf 78' lang='lat' dir='ltr'>cdd.</span> 
     </span>
    </p>
   </div>
  </div>
 </body>
</html>
