1591 2556
125 111 178 151 10
708 107 836 142 LIBRI
862 107 877 142 I

120 206 348 262 grabattuli
386 205 573 247 sollertia
610 205 800 246 munitus
841 204 1054 259 opperior,
1098 202 1222 244 uideo
1260 201 1457 243 mulieres

121 266 224 307 duas
262 265 429 306 altioris
457 264 619 306 aetatis.
680 263 894 305 lucernam
932 263 1114 304 lucidam
1153 261 1325 316 gerebat
1364 275 1458 312 una,

120 325 341 380 spongiam
363 327 404 365 et
424 324 583 364 nudum
605 323 791 378 gladium
813 322 954 363 altera.
986 322 1066 363 hoc
1086 321 1235 362 habitu
1256 319 1459 361 Socraten

119 384 224 426 bene
258 384 447 438 quietum
474 383 798 424 circumstetere.
856 382 950 422 infit
981 381 1054 421 illa
1079 395 1174 422 cum
1201 379 1341 434 gladio
1375 378 1458 421 ‘hie

120 446 196 497 est,
216 458 336 484 soror
354 441 547 495 Panthia,
568 455 688 482 carus
702 440 958 494 Endymion,
977 439 1046 481 hic
1067 438 1301 480 Catamitus
1327 452 1458 491 meus,

120 503 192 556 qui
213 502 360 544 diebus
382 516 428 542 ac
452 500 649 542 noctibus
676 499 825 540 inlusit
845 498 1073 540 aetatulam
1098 512 1252 552 meam3
1278 497 1358 550 hic,
1385 497 1458 551 qui

118 561 223 603 meis
261 560 476 602 amoribus
514 558 820 612 supterhabitis
858 572 943 598 non
984 557 1121 598 solum
1161 572 1228 598 me
1269 556 1459 597 diffamat

118 620 303 674 probris,
340 633 489 660 uerum
522 618 649 659 etiam
686 617 832 672 fugam
865 616 1050 657 instruit.
1112 618 1155 656 at
1186 629 1264 670 ego
1297 615 1459 656 scilicet

118 678 237 719 Vlixi
263 681 357 719 astu
379 678 543 719 deserta
568 677 659 717 uice
681 675 932 730 Calypsonis
953 678 1166 716 aeternam
1187 674 1457 716 solitudinem

117 738 255 779 flebo?
318 740 360 778 et
390 738 584 791 porrecta
622 735 793 776 dextera
830 749 979 789 meque
1011 733 1217 775 Panthiae
1256 748 1354 774 suae
1393 733 1458 774 de-

118 799 354 838 monstrato
376 796 435 836 ‘at
453 795 523 836 hic
543 795 694 836 bonus’
715 794 855 849 inquit
875 793 1136 835 ‘consiliator
1155 791 1459 846 Aristomenes,

119 856 192 910 qui
228 856 354 910 fugae
391 854 518 895 huius
557 857 703 895 auctor
739 854 822 894 fuit
859 856 900 894 et
932 868 1042 894 nunc
1073 852 1201 893 morti
1239 851 1458 905 proximus

119 915 201 956 iam
222 915 341 956 humi
367 916 606 968 prostratus
633 912 871 967 grabattulo
898 912 1136 953 subcubans
1157 911 1264 952 iacet
1290 913 1331 951 et
1357 910 1459 952 haec

119 975 261 1015 omnia
293 973 511 1027 conspicit,
543 973 714 1026 impune
746 985 789 1013 se
815 971 1001 1012 laturum
1034 985 1148 1012 meas
1181 969 1458 1011 contumelias

118 1037 252 1087 putat.
313 1033 412 1074 faxo
451 1046 547 1072 eum
579 1046 690 1085 sero,
723 1031 852 1071 immo
885 1030 1048 1083 statim,
1079 1030 1209 1070 immo
1241 1043 1342 1070 uero
1376 1029 1459 1069 iam

119 1107 231 1134 nunc
262 1095 310 1133 ut
342 1094 384 1133 et
416 1090 704 1145 praecedentis
737 1089 972 1131 dicacitatis
1011 1092 1051 1129 et
1084 1088 1284 1130 instantis
1326 1087 1459 1129 curio-

65 1203 70 1207 *
119 1152 259 1193 sitatis
291 1150 532 1205 paeniteat'

207 1209 323 1251 XIII.
384 1208 502 1250 Haec
544 1221 621 1262 ego
660 1211 708 1248 ut
747 1208 906 1262 accepi,
947 1207 1098 1248 sudore
1138 1205 1294 1261 frigido
1333 1205 1461 1247 miser

118 1271 303 1324 perfluus
334 1271 516 1309 tremore
548 1267 713 1308 uiscera
744 1267 923 1321 quatior,
955 1269 1003 1307 ut
1035 1264 1299 1321 grabattulus
1331 1265 1460 1306 etiam

118 1343 342 1371 succussus
362 1341 503 1370 susum
523 1328 564 1367 et
584 1326 799 1380 inquietus
820 1341 946 1380 super
965 1326 1137 1367 dorsum
1163 1339 1304 1365 meum
1330 1323 1461 1378 palpi-

119 1388 246 1429 tando
292 1387 476 1428 saltaret.
539 1388 582 1426 at
621 1386 732 1426 bona
768 1385 950 1426 Panthia
981 1385 1099 1439 equin
1137 1383 1284 1438 igitur’
1322 1383 1462 1437 inquit

119 1448 265 1501 ³soror,
285 1447 398 1487 hunc
416 1446 602 1499 primum
622 1444 859 1486 bacchatim
875 1444 1152 1498 discerpimus
1169 1442 1239 1483 uel
1258 1442 1460 1483 membris

119 1507 208 1548 eius
242 1504 465 1546 destinatis
496 1503 638 1544 uirilia
670 1503 942 1544 desecamus’

207 1564 275 1606 Ad
306 1564 409 1605 haec
428 1562 571 1603 Meroe
592 1587 646 1591 —
668 1563 727 1603 sic
754 1562 865 1603 enim
892 1576 1037 1615 reapse
1062 1575 1217 1601 nomen
1243 1560 1333 1601 eius
1359 1562 1460 1601 tunc

119 1624 275 1665 fabulis
317 1622 503 1664 Socratis
545 1622 769 1663 conuenire
815 1621 1049 1662 sentiebam
1094 1645 1148 1648 —
1194 1619 1356 1660 ‘immo’
1401 1619 1460 1660 ait

120 1683 320 1738 csupersit
359 1681 429 1722 hic
470 1680 639 1734 saltem,
671 1681 744 1734 qui
776 1680 930 1721 miselli
967 1679 1095 1720 huius
1134 1693 1286 1733 corpus
1327 1692 1459 1732 paruo

120 1741 384 1784 contumulet
409 1740 555 1780 humo'
582 1742 624 1781 et
649 1740 785 1794 capite
808 1738 994 1781 Socratis
1021 1739 1064 1779 in
1091 1738 1271 1779 alterum
1299 1737 1458 1778 dimoto

217 1875 234 1904 1
251 1869 396 1914 operior
410 1881 437 1911 φ
506 1871 525 1901 3
542 1867 733 1914 Socraten]
754 1867 798 1902 cf.
816 1871 847 1902 4.
866 1872 901 1909 13
919 1871 972 1901 11.
990 1870 1019 1910 1,
1038 1866 1226 1900 Socratem
1239 1865 1303 1909 Fq>
1331 1865 1458 1899 Socra-

120 1920 183 1952 ten
203 1929 228 1962 g
283 1922 303 1951 5
323 1914 504 1961 passnthia
518 1915 545 1948 F
566 1915 723 1959 panthia
737 1929 764 1959 φ
815 1914 1004 1949 endsmion
1018 1913 1056 1958 (d
1069 1914 1206 1948 commin
1220 1913 1254 1957 o)
1269 1912 1461 1947 enosmion

122 1964 223 2009 chg
320 1968 338 1998 7
373 1965 465 2008 sup?
495 1961 696 2008 habiultis
726 1962 754 1995 F
799 1960 1033 1996 subrhabitis
1066 1974 1093 2005 φ
1137 1959 1287 2004 insuper
1318 1958 1457 1993 habitis

125 2012 215 2047 ΟΜΖ.
248 2023 328 2046 cum
367 2011 463 2046 Colu.
503 2010 547 2052 ef.
576 2013 629 2043 72.
645 2014 664 2044 5
787 2012 807 2043 8
846 2008 960 2043 etiam
986 2009 1077 2051 cdd„
1103 2008 1271 2042 omittunt
1308 2008 1459 2042 editores

122 2064 141 2094 9
168 2058 287 2093 Ulixis
315 2057 362 2102 (p2
457 2056 538 2091 uice
574 2055 798 2102 Calipsonis]
829 2056 907 2090 uite
939 2057 976 2090 et
1011 2054 1189 2099 alipsonis
1216 2054 1243 2087 F
1275 2055 1349 2099 (sed
1373 2064 1392 2088 e
1419 2056 1457 2089 2⁷⁷2

121 2106 199 2140 uite
225 2117 269 2140 ex
294 2116 383 2140 corr.
403 2109 494 2139 nata
519 2105 580 2147 est)
606 2103 670 2148 Vg
702 2103 758 2137 uit
778 2104 815 2137 et
835 2114 866 2137 a.
889 2103 935 2147 <pl
966 2102 1046 2137 uita
1071 2112 1100 2136 e.
1122 2100 1189 2135 cal.
1212 2100 1258 2144 <12²²
1351 2104 1393 2135 14
1420 2112 1457 2136 se

121 2152 285 2187 laturum
310 2153 399 2187 Bsn.
427 2153 471 2195 cf.
488 2154 565 2185 133.
583 2154 625 2184 10
651 2151 800 2195 impune
818 2150 1022 2184 relaturum
1035 2149 1074 2183 E.
1101 2160 1178 2184 cum
1195 2148 1277 2192 Fcp1
1298 2150 1348 2192 (se
1369 2149 1409 2182 in
1430 2162 1457 2192 φ

121 2201 205 2235 add.
231 2201 351 2243 schol.)
377 2210 415 2233 se
440 2198 643 2233 relaturum
669 2197 733 2242 Vg
809 2202 849 2232 19
876 2197 1036 2242 perfluus
1061 2196 1191 2240 scripsi
1214 2194 1353 2240 perfluo
1379 2197 1457 2231 cdd.

122 2251 165 2280 20
193 2258 385 2281 succussus
404 2257 528 2280 susum
546 2245 685 2280 Traube
705 2246 726 2279 l.
740 2246 760 2278 l.
789 2256 980 2279 succussus
1001 2252 1082 2284 snm
1102 2243 1128 2276 F
1155 2254 1346 2277 succussus
1368 2247 1408 2278 su
1430 2256 1457 2287 φ

122 2296 159 2328 et
186 2295 259 2339 (sed
283 2305 326 2329 eoe
351 2304 393 2328 eo
420 2294 523 2337 corr.)
549 2293 575 2326 F
603 2303 645 2326 eo
672 2305 699 2335 φ
725 2291 928 2335 inquietius
955 2306 982 2336 φ
1079 2295 1123 2325 24
1149 2301 1186 2325 re
1213 2290 1301 2324 abse
1328 2290 1460 2335 FtpVg

123 2346 166 2375 ‘26
192 2352 307 2386 paruo
334 2341 361 2374 F
398 2351 515 2385 parua
543 2341 616 2384 (sed
642 2351 662 2373 a
690 2340 725 2373 in
752 2341 897 2383 rasura)
924 2352 951 2383 φ
978 2340 1023 2382 cf.
1044 2339 1146 2373 Neue
1171 2338 1196 2372 Ι.
1214 2341 1279 2371 651

1480 754 1513 778 10

1481 1047 1513 1074 15

1481 1343 1515 1368 20

1480 1637 1513 1662 25
