1591 2556
29 712 63 737 10

31 1008 64 1033 15

34 1302 68 1327 20

37 1598 70 1623 25

581 66 682 102 CAP.
708 66 909 100 VII—VIII
1339 67 1354 106 1
1365 65 1419 106 69

80 167 227 205 ctuoso
257 163 462 204 desiderio
490 166 532 204 et
557 163 763 218 imagines
790 162 990 215 defuncti,
1019 176 1123 216 quas
1150 162 1202 202 ad
1226 162 1420 202 habitum

81 223 146 263 dei
183 221 326 263 Liberi
369 223 644 275 formauerat,
688 222 827 262 adfixo
877 220 1051 262 seruitio
1085 220 1242 261 diuinis
1280 235 1421 274 perco-

80 282 171 322 lens
202 281 435 322 honoribus
462 282 555 335 ipso
582 295 671 322 sese
698 280 854 321 solacio
883 280 1107 321 cruciabat.
1149 278 1266 320 VIII.
1293 279 1423 320 Thra-

82 340 216 394 syllus
247 354 340 381 ‘atero
372 355 571 394 praeceps
605 339 793 393 alioquin
820 341 862 380 et
888 339 937 380 de
969 339 1062 393 ipso
1094 338 1264 379 nomine
1290 341 1423 394 teme-

84 399 232 453 rarius,
254 399 501 453 priusquam
523 399 711 440 dolorem
730 398 928 439 lacrimae
949 398 1153 439 satiarent
1173 400 1214 438 et
1239 398 1424 451 percitae

82 458 238 499 mentis
268 458 472 499 resideret
503 458 633 512 furor,
665 461 706 498 et
737 458 781 498 in
808 472 897 499 sese
929 457 1163 498 nimietatis
1196 457 1312 497 senio
1344 456 1424 497 las-

82 520 263 559 sesceret
299 517 458 571 luctus,
497 517 633 558 adhuc
658 517 830 558 flentem
862 516 1083 571 maritum,
1116 516 1253 556 adhuc
1284 518 1426 556 uestes

80 577 347 630 lacerantem,
379 577 515 617 adhuc
547 575 722 630 capillos
755 575 1061 616 distrahentem
1094 590 1179 616 non
1212 575 1427 615 dubitauit

83 636 132 677 de
152 636 314 689 nuptiis
335 636 559 677 conuenire
580 638 622 676 et
642 635 952 689 imprudentiae
977 634 1072 676 labe
1092 635 1222 675 tacita
1241 634 1427 688 pectoris

83 695 149 736 sui
181 698 341 736 secreta
370 695 623 748 fraudesque
650 693 884 735 ineffabiles
912 694 1117 749 detegere.
1157 693 1231 735 sed
1257 692 1428 734 Charite

82 768 230 795 uocem
268 754 492 795 nefandam
530 753 750 794 exhorruit
782 756 824 794 et
863 753 1071 794 detestata
1103 756 1167 794 est
1210 755 1269 806 et,
1308 752 1428 793 uelut

84 813 204 868 graui
243 813 405 854 tonitru
442 812 711 866 procellaque
751 812 900 853 sideris
932 812 1002 853 uel
1033 812 1161 853 etiam
1194 812 1286 866 ipso
1329 811 1430 852 diali

83 872 261 913 fulmine
305 887 522 926 percussa,
560 872 720 912 corruit
760 886 912 926 corpus
952 874 994 912 et
1037 871 1306 912 obnubilauit
1345 871 1429 911 ani—

84 946 207 972 mam.
252 931 325 972 sed
360 930 586 972 interuallo
618 931 905 972 reualescente
937 930 1144 985 paulatim
1178 930 1344 984 spiritu,
1376 930 1432 970 fe-

84 991 199 1032 rinos
239 990 430 1045 mugitus
469 990 627 1031 iterans
667 993 708 1031 et
746 990 830 1030 iam
863 1005 1057 1031 scaenam
1094 989 1270 1044 pessimi
1302 989 1432 1030 Thra-

85 1049 184 1103 sylli
216 1049 475 1103 perspiciens
503 1049 554 1089 ad
578 1049 724 1090 limam
751 1049 918 1090 consilii
945 1049 1200 1090 desiderium
1232 1048 1430 1102 petitoris

85 1108 263 1150 distulit.
296 1111 397 1149 tunc
420 1108 540 1148 *inter
571 1122 711 1149 moras
746 1108 839 1150 illas
864 1109 1012 1149 umbra
1042 1108 1195 1149 misere
1227 1107 1430 1149 trucidati

86 1167 322 1221 Tlepolemi
360 1167 476 1208 sanie
514 1170 731 1208 cruentam
764 1170 805 1208 et
843 1167 1003 1221 pallore
1046 1167 1277 1208 deformem
1311 1166 1433 1207 attol-

86 1226 178 1267 lens
209 1226 359 1267 faciem
393 1226 579 1280 quietem
611 1226 808 1280 pudicam
840 1226 1083 1280 interpellat
1115 1226 1260 1267 uxoris

179 1285 254 1325 ‘Mi
299 1286 470 1339 coniux,
510 1285 623 1339 quod
665 1285 745 1326 tibi
788 1300 963 1339 prorsus
1008 1285 1059 1326 ab
1099 1285 1181 1326 alio
1221 1285 1305 1326 dici
1348 1299 1433 1326 non

87 1344 248 1398 licebit,
283 1344 362 1398 [et]
402 1344 438 1385 si
481 1345 644 1398 pectori
685 1347 758 1385 tuo
798 1345 881 1385 iam
919 1348 1136 1398 permanet
1173 1345 1311 1386 nostri
1350 1359 1434 1384 me-

87 1403 237 1457 moria3
270 1403 354 1456 uel‚'‘
370 1402 462 1457 <si>
482 1403 654 1444 acerbae
680 1404 832 1444 mortis
858 1419 976 1445 meae
1003 1418 1124 1444 casus
1155 1404 1305 1445 foedus
1332 1403 1433 1444 cari-

87 1462 190 1503 tatis
221 1462 448 1516 intercidit,
481 1463 634 1516 quouis
667 1462 750 1503 alio
782 1463 949 1504 felicius
981 1463 1192 1516 maritare,
1224 1463 1349 1504 modo
1382 1477 1434 1503 ne.

89 1522 132 1562 in
170 1521 386 1575 Thrasylli
422 1536 595 1562 manum
635 1521 885 1576 sacrilegam
925 1522 1170 1575 conuenias,
1207 1537 1313 1563 neue
1353 1536 1435 1562 ser-

90 1595 258 1621 monem
297 1580 488 1621 conferas
527 1595 603 1621 nec
640 1596 830 1622 mensam
864 1581 1087 1622 accumbas
1126 1596 1202 1622 nec
1234 1584 1327 1622 toro
1367 1581 1435 1620 ad-

91 1640 293 1694 quiescas.
325 1639 424 1694 fuge
451 1640 534 1680 mei
560 1641 822 1694 percussoris
842 1644 1059 1681 cruentam
1087 1640 1314 1682 dexteram.
1347 1639 1436 1680 noli

89 1813 154 1836 scr.
178 1814 220 1836 m.
234 1803 278 1846 r.)
306 1829 313 1835 .
331 1831 336 1836 .
355 1802 503 1837 ..derio
529 1803 556 1836 F
646 1808 674 1837 1.
692 1808 710 1837 2
738 1815 830 1847 quas
852 1804 899 1838 ad
918 1804 1092 1838 habitum
1119 1804 1178 1838 dei
1204 1805 1245 1838 in
1265 1813 1295 1846 φ
1316 1804 1435 1847 suppl.

91 1860 133 1883 m.
149 1861 177 1884 r.
213 1861 262 1892 qu
279 1876 402 1884 ......
430 1849 457 1883 F
544 1854 573 1884 ⁴2.
591 1854 611 1884 3
638 1850 791 1885 seruitio
819 1851 957 1885 diuinis
982 1851 1175 1896 percolens
1202 1853 1242 1886 m
1262 1866 1289 1895 φ
1316 1852 1434 1895 suppl.

90 1908 133 1952 m.
155 1909 183 1931 r.
224 1908 238 1930 s
256 1925 378 1931 ......
411 1897 439 1930 F
560 1901 580 1930 3
615 1897 749 1932 solatio
776 1898 970 1952 cruciabat
997 1913 1023 1943 φ
1062 1898 1116 1933 tio
1143 1899 1337 1933 cruciabat
1369 1910 1434 1933 scr.

90 1978 134 2001 m.
154 1979 183 2002 r.
223 1967 323 2001 solae
339 1995 440 2002 .....
468 1967 496 2001 F
593 1972 624 2003 3.
641 1972 662 2001 4
687 1968 892 2013 tharsyllus
911 1960 959 1981 ω)
980 1983 1007 2013 φ
1035 1972 1096 2015 (fio
1110 1970 1194 2005 add.
1209 1972 1300 2014 m.3)
1320 1969 1437 2012 rasyl—

89 2013 147 2047 lus
173 2013 201 2047 F
297 2019 329 2049 4.
347 2019 366 2049 5
394 2014 485 2058 quin
511 2017 549 2049 et
575 2016 619 2050 de
645 2019 706 2060 ipo
733 2020 818 2051 noi-e
843 2015 990 2051 temari'
1020 2019 1059 2051 in
1085 2031 1112 2060 φ
1140 2018 1223 2052 add.
1252 2029 1294 2051 m.
1324 2029 1350 2051 r.
1379 2017 1437 2050 de-

94 2066 176 2096 szmt
200 2063 240 2096 in
265 2062 304 2096 F.
357 2062 445 2097 Cum
478 2074 548 2097 uss.
572 2066 602 2097 1.
625 2067 655 2097 2.
677 2067 697 2097 3
729 2065 773 2107 cf.
802 2064 902 2110 Fuly
940 2065 1058 2109 Myth.
1084 2065 1110 2099 Ι.
1134 2069 1165 2098 1.
1186 2068 1230 2098 30
1257 2064 1437 2107 <Mune-lc.)

97 2111 112 2141 9
139 2107 388 2153 imprudentie
413 2109 478 2153 sz
505 2111 550 2153 cf.
578 2114 633 2144 26.
655 2114 698 2144 27
797 2114 838 2145 11
867 2111 1059 2146 exhorruit
1084 2113 1106 2146 δ
1139 2113 1176 2146 et
1200 2110 1346 2145 horruit
1372 2110 1436 2153 Fcp

99 2158 137 2189 15
162 2155 342 2190 reiterans
369 2170 396 2200 φ
423 2158 467 2200 cf.
497 2160 635 2191 167.14
717 2159 755 2192 et
780 2157 856 2193 iam
886 2159 975 2194 Ozccl.
1015 2158 1130 2193 etiam
1155 2159 1196 2192 E.
1283 2161 1323 2191 17
1350 2157 1438 2190 illas

97 2202 223 2236 umbra
254 2204 383 2248 scripsi
419 2204 551 2238 umbra
581 2203 649 2238 illa
675 2206 752 2240 cdd.
853 2210 895 2240 18
928 2206 1031 2240 sanie
1058 2206 1195 2241 Mem-s.
1237 2215 1324 2239 sane
1357 2205 1436 2238 cdd.

100 2251 137 2282 ‘21
165 2250 233 2295 [et]
259 2251 325 2286 del.
341 2251 438 2286 Prie.
511 2254 706 2295 permanet
724 2254 854 2297 scripsi
883 2253 1093 2298 permaniet
1121 2254 1142 2287 ὃ
1169 2254 1389 2297 permaneat
1410 2264 1437 2295 φ

99 2299 290 2340 permanat
315 2297 342 2331 F
441 2302 484 2332 2⁶2
514 2298 600 2346 (si)
626 2300 709 2334 add.
738 2300 835 2335 Prie.
