1591 2556
171 89 257 130 250
743 88 873 122 LIBRI
897 88 930 122 X

157 185 424 239 praepotenti
465 185 700 239 praefertur
731 184 879 226 Vlixes
920 184 1110 225 modicus
1148 182 1269 225 Aiaci
1306 184 1505 226 maximo.

157 244 279 298 quale
324 246 464 285 autem
510 246 551 284 et
594 243 700 284 illud
743 244 947 284 iudicium
988 243 1100 297 apud
1137 242 1336 297 legiferos
1374 242 1503 284 Athe-

156 303 322 343 nienses
350 305 466 344 catos
487 302 583 343 illos
611 305 653 343 et
679 303 816 343 omnis
844 302 1044 343 scientiae
1070 302 1317 356 magistros!
1363 317 1503 343 nonne

158 362 325 403 diuinae
350 361 599 416 prudentiae
626 376 764 415 senex,
794 376 919 415 quem
946 360 1154 414 sapientia
1179 360 1381 414 praetulit
1406 375 1503 402 cun-

159 421 237 461 ctis
270 421 520 461 mortalibus
554 420 655 461 deus
686 420 938 474 Delphicus,
975 420 1121 460 fraude
1160 422 1202 460 et
1238 419 1400 460 inuidia
1435 434 1503 461 ne·
1539 435 1557 462 5

156 480 387 534 quissimae
413 479 610 520 factionis
637 479 950 520 circumuentus
975 478 1095 519 uelut
1119 481 1342 532 corruptor
1366 478 1504 520 adule-

161 539 345 579 scentiae
373 553 498 592 quam
525 538 656 579 frenis
678 538 937 591 cohercebat,
962 537 1117 578 herbae
1143 537 1382 591 pestilentis
1401 552 1502 579 suco

155 597 283 638 noxio
329 600 574 651 peremptus
619 600 700 651 est,
749 597 991 651 relinquens
1036 596 1200 637 ciuibus
1245 596 1502 651 ignominiae

156 658 383 710 perpetuae
409 656 630 710 maculam,
657 671 751 697 cum
778 671 888 697 nunc
915 656 1042 696 etiam
1070 656 1231 710 egregii
1256 654 1502 709 philosophi

154 718 311 756 sectam
345 715 434 756 eius
467 715 777 756 sanctissimam
815 717 1066 769 praeoptent
1098 717 1140 755 et
1172 729 1337 755 summo
1370 714 1499 755 beati·
1520 730 1555 756 ιο

153 774 314 815 tudinis
346 774 487 815 studio
520 774 660 815 iurent
691 775 734 815 in
766 775 900 828 ipsius
932 774 1104 814 nomen!
1137 773 1210 814 sed
1240 788 1292 814 ne
1319 773 1414 827 quis
1439 772 1499 814 in·
1566 776 1568 778 ’

154 833 412 887 dignationis
450 848 565 874 meae
603 833 882 887 reprehendat
921 833 1127 887 impetum
1166 847 1308 873 secum
1347 832 1407 873 sic
1438 847 1499 873 re-

152 895 307 946 putans
340 892 450 933 Qecce
482 907 593 933 nunc
624 908 693 946 pa·
728 892 783 946 [p.
801 890 978 947 204.E.]
1012 892 1167 932 tiemur
1199 890 1500 945 philosophan-

152 954 237 992 tem
276 951 399 991 nobis
440 951 634 1005 asinum’,
672 966 818 992 rursus
861 951 971 991 unde
1013 951 1172 992 decessi
1216 953 1406 991 reuertar
1448 950 1501 991 ad

152 1010 352 1050 fabulam.
1519 1025 1552 1051 15

240 1067 461 1109 XXXHII.
504 1068 737 1122 Postquam
775 1068 945 1108 finitum
984 1071 1048 1109 est
1086 1068 1192 1108 illud
1230 1067 1396 1108 Paridis
1435 1068 1498 1108 iu-

153 1127 321 1181 dicium,
352 1126 458 1168 Iuno
492 1127 661 1181 quidem
695 1142 789 1168 cum
819 1126 1013 1167 Minerua
1043 1127 1188 1167 tristes
1221 1129 1263 1167 et
1295 1127 1413 1167 iratis
1445 1126 1498 1167 si-

150 1186 272 1227 miles
305 1202 326 1227 e
359 1201 509 1227 scaena
539 1186 734 1227 recedunt
770 1186 1108 1240 indignationem
1145 1185 1338 1239 repulsae
1371 1185 1497 1240 gesti-

152 1246 230 1286 bus
262 1246 488 1299 professae,
520 1244 665 1286 Venus
698 1260 798 1286 uero
832 1245 1019 1300 gaudens
1049 1247 1091 1285 et
1115 1243 1264 1285 hilaris
1289 1244 1497 1285 laetitiam

151 1319 270 1345 suam
304 1304 495 1345 saltando
535 1307 626 1345 toto
665 1319 760 1345 cum
793 1303 921 1345 choro
954 1304 1144 1358 professa
1176 1306 1250 1344 est.
1313 1306 1414 1344 tunc
1445 1303 1495 1345 de
1515 1319 1551 1344 20
1588 1329 1589 1337 1

151 1378 317 1404 summo
350 1363 508 1404 montis
541 1364 756 1404 cacumine
794 1378 869 1416 per
901 1363 1112 1417 quandam
1145 1362 1348 1403 latentem
1379 1363 1497 1404 fistu-

150 1422 234 1463 lam
267 1423 311 1463 in
344 1422 556 1463 excelsum
582 1422 823 1476 prorumpit
847 1422 947 1462 uino
974 1437 1120 1463 crocus
1147 1421 1283 1462 diluta
1302 1422 1497 1475 sparsim-

151 1496 231 1535 que
274 1482 460 1522 defluens
502 1482 712 1535 pascentis
757 1481 867 1522 circa
910 1481 1091 1535 capellas
1137 1481 1266 1521 odoro
1310 1481 1496 1534 perpluit

150 1540 297 1594 imbre,
330 1540 461 1580 donec
493 1541 532 1580 in
567 1540 785 1581 meliorem
817 1540 1051 1581 maculatae
1083 1539 1265 1593 speciem
1298 1540 1495 1580 canitiem

149 1599 365 1653 propriam
406 1599 521 1639 luteo
561 1599 698 1640 colore
738 1601 962 1640 mutarent.
1032 1599 1199 1652 iamque
1238 1601 1329 1639 tota
1366 1613 1495 1639 suaue
1514 1613 1548 1639 25

148 1658 359 1713 fraglante
401 1673 527 1699 cauea
563 1661 752 1699 montem
785 1658 906 1699 illum
938 1658 1127 1713 ligneum
1160 1660 1296 1699 terrae
1334 1671 1494 1712 uorago

151 1717 324 1770 decepit.

237 1776 346 1817 Ecce
368 1776 539 1830 quidam
566 1776 687 1817 miles
713 1791 788 1830 per
813 1776 995 1817 mediam
1021 1775 1205 1829 plateam
1232 1775 1379 1830 dirigit
1405 1789 1494 1816 cur-

149 1850 243 1876 sum
275 1835 486 1888 petiturus
519 1835 603 1875 iam
635 1835 793 1889 populo
826 1835 1068 1889 postulante
1101 1834 1218 1875 illam
1245 1834 1294 1875 de
1322 1833 1492 1888 publico

149 1908 313 1935 carcere
344 1894 577 1948 mulierem,
604 1909 730 1948 quam
758 1894 845 1934 dixi
870 1897 1044 1948 propter
1069 1893 1330 1934 multiforme
1356 1892 1492 1934 scelus
1512 1908 1547 1933 30

148 1952 279 1994 bestis
313 1968 402 1994 esse
436 1953 676 1993 damnatam
708 1953 897 2007 meisque
929 1952 1155 2007 praeclaris
1181 1952 1341 2006 nuptiis
1368 1951 1491 1993 desti-

149 2014 302 2053 natam.
365 2014 407 2052 et
444 2012 527 2052 iam
565 2015 684 2053 torus
723 2011 901 2067 genialis
945 2012 1106 2053 scilicet
1142 2013 1285 2052 noster
1321 2010 1491 2052 futurus

245 2178 262 2208 1
296 2173 423 2209 Ulixes
456 2175 479 2208 ὃ
523 2174 649 2208 auxies
682 2175 746 2219 sz
861 2174 1026 2209 medicus
1058 2188 1085 2219 φ
1200 2177 1220 2206 3
1258 2172 1357 2207 omni
1391 2172 1491 2217 F1q>1

152 2224 194 2255 10
226 2221 279 2255 eis
305 2221 406 2265 Flcpl
504 2225 618 2255 1213
651 2221 837 2266 crepitans
864 2235 891 2265 φ
991 2226 1032 2256 18
1062 2220 1240 2255 recedunt
1265 2221 1394 2264 scripsi
1436 2230 1492 2255 re-

152 2268 267 2302 deunt
309 2269 388 2303 cdd.
533 2272 576 2302 26
622 2268 808 2313 fraglante
852 2269 880 2302 F
930 2269 1111 2313 flagrante
1156 2281 1183 2311 φ
1232 2267 1423 2311 fragrante
1467 2268 1492 2301 ὃ

149 2319 191 2349 31
219 2315 335 2350 bestis
362 2315 389 2349 F
427 2314 559 2350 bestiis
586 2329 614 2360 φ
715 2319 758 2349 32
785 2315 944 2361 genialis
971 2317 1048 2352 cdd.
1087 2314 1263 2361 genitalis
1289 2314 1329 2350 E.
