1591 2556
161 100 244 140 132
731 98 859 132 LIBRI
884 97 933 132 VI

159 205 250 237 tum
276 196 401 237 unius
422 195 574 237 offulae
594 195 749 249 praeda
767 194 890 236 facile
910 194 1173 248 praeteribis,
1205 194 1258 235 ad
1283 195 1504 249 ipsamque

158 255 354 309 protinus
374 254 673 308 Proserpinam
693 254 903 307 introibis,
930 268 1036 307 quae
1057 255 1098 294 te
1119 254 1297 294 comiter
1322 253 1505 308 excipiet

161 315 218 368 [p.
242 313 337 355 109.
356 313 425 368 E]
460 328 506 354 ac
532 314 725 368 benigne,
757 316 805 354 ut
830 315 872 353 et
896 312 1083 354 molliter
1108 312 1290 354 assidere
1316 315 1358 354 et
1382 327 1505 366 pran-

160 374 277 414 dium
310 373 482 427 opipare
515 372 690 413 suadeat
721 386 896 413 sumere.
959 371 1032 412 sed
1062 373 1109 412 tu
1145 374 1187 412 et
1216 371 1337 412 humi
1367 371 1504 413 reside

160 436 202 473 et
232 447 384 486 panem
417 431 633 472 sordidum
664 432 846 485 petitum
873 432 976 483 esto,
1006 430 1154 471 deinde
1180 430 1376 471 nuntiato
1402 430 1505 484 quid

160 491 380 532 adueneris
419 493 698 544 susceptoque
737 490 850 545 quod
888 489 1088 530 offeretur
1124 504 1270 530 rursus
1313 504 1505 531 remeans

160 551 276 591 canis
308 550 530 590 saeuitiam
563 549 693 590 offula
724 549 889 603 reliqua
919 548 1077 589 redime
1103 563 1151 589 ac
1184 548 1349 603 deinde,
1376 563 1504 589 auaro

159 609 329 650 nauitae
345 609 442 649 data
457 623 583 662 quam
597 623 889 649 reseruaueras
905 608 1014 661 stipe
1029 607 1295 661 transitoque
1306 607 1506 661 (cumba)

160 669 250 709 eius
276 668 421 722 fluuio7
447 667 635 708 recolens
662 668 803 721 priora
828 667 1011 721 uestigia
1031 666 1084 706 ad
1109 666 1239 707 istum
1259 666 1505 708 caelestium

162 727 347 768 siderum
374 727 507 767 redies
535 726 721 767 chorum.
773 726 846 767 sed
871 726 982 766 inter
1007 726 1150 766 omnia
1173 725 1255 766 hoc
1280 725 1504 767 obseruan-

162 787 261 827 dum
294 786 518 839 praecipue
550 786 630 826 tibi
663 800 830 839 censeo,
862 799 913 826 ne
945 784 1052 825 uelis
1088 785 1250 838 aperire
1281 784 1352 826 uel
1377 784 1505 838 inspi-

161 860 254 886 cere
286 845 403 885 illam
436 859 563 898 quam
595 844 703 886 feres
735 844 935 898 pyxidem
973 843 1042 885 uel
1074 844 1246 884 omnino
1277 843 1507 897 <perniciei

161 905 281 957 tatae>
313 904 529 944 addictum
561 904 769 944 curiosius
801 903 1032 956 <serzctari>
1064 902 1370 943 thensaurum.’

248 962 339 1004 XX.
374 962 441 1003 Sic
474 963 604 1003 turris
637 962 710 1003 illa
741 962 966 1016 prospicua
997 962 1313 1003 uaticinationis
1350 975 1506 1002 munus

162 1022 375 1076 explicuit.
437 1036 514 1062 nec
556 1024 720 1062 morata
751 1021 915 1075 Psyche
954 1021 1094 1075 pergit
1126 1020 1363 1062 Taenarum
1394 1035 1505 1062 sum-

161 1082 331 1135 ptisque
364 1081 444 1121 rite
476 1080 659 1134 stipibus
691 1080 777 1121 illis
815 1082 857 1120 et
895 1079 1037 1120 offulis
1077 1080 1290 1120 infernum
1322 1079 1507 1120 decurrit

161 1143 349 1181 meatum
392 1139 656 1193 transitoque
697 1154 772 1192 per
813 1138 1029 1179 silentium
1074 1138 1256 1179 asinario
1295 1137 1424 1179 debili
1465 1140 1508 1178 et

163 1199 327 1240 amnica
359 1199 468 1252 stipe
499 1198 661 1239 uectori
687 1198 795 1251 data,
826 1197 1020 1252 neglecto
1053 1197 1367 1251 supernatantis
1398 1211 1506 1238 mor-

162 1259 226 1299 tui
259 1258 466 1299 desiderio
500 1260 542 1298 et
573 1257 729 1311 spretis
761 1257 988 1298 textricum
1021 1256 1211 1298 subdolis
1237 1256 1433 1310 precibus
1465 1258 1508 1297 et

164 1317 317 1358 offulae
357 1317 450 1358 cibo
492 1316 631 1370 sopita
663 1316 778 1357 canis
816 1315 1026 1356 horrenda
1057 1316 1173 1357 rabie
1206 1316 1376 1357 domum
1408 1314 1508 1356 Pro-

164 1377 356 1430 serpinae
388 1378 592 1430 penetrat.
658 1390 734 1416 nec
766 1375 982 1416 offerentis
1013 1374 1208 1428 hospitae
1240 1374 1369 1416 sedile
1409 1373 1509 1415 deli-

164 1439 306 1477 catum
338 1435 408 1476 uel
439 1435 581 1475 cibum
612 1434 783 1475 beatum
816 1434 1009 1488 amplexa
1041 1434 1114 1475 sed
1139 1436 1235 1474 ante
1260 1433 1387 1487 pedes
1418 1433 1509 1473 eius

165 1495 354 1536 residens
386 1493 575 1547 humilis,
607 1493 764 1534 cibario
790 1507 897 1547 pane
924 1495 1133 1546 contenta,
1166 1492 1394 1534 Veneriam
1418 1507 1509 1546 per-

165 1554 267 1594 tulit
305 1553 574 1608 legationem.
637 1552 866 1606 statimque
905 1554 1064 1593 secreto
1102 1552 1307 1606 repletam
1345 1551 1509 1592 conclu-

166 1627 340 1666 samque
378 1611 580 1666 pyxidem
619 1611 798 1665 suscipit
838 1613 879 1652 et
916 1611 1069 1652 offulae
1107 1610 1322 1665 sequentis
1362 1609 1510 1650 fraude

167 1672 328 1712 caninis
360 1671 586 1711 latratibus
620 1670 826 1711 obseratis
858 1670 1110 1724 residuaque
1146 1670 1316 1710 nauitae
1347 1669 1512 1710 reddita

167 1731 276 1784 stipe
312 1729 439 1784 longe
479 1729 673 1784 uegetior
717 1729 768 1770 ab
806 1729 952 1770 inferis
996 1729 1185 1770 recurrit.
1247 1731 1290 1770 et
1330 1728 1512 1782 repetita

168 1792 294 1843 atque
328 1789 501 1829 adorata
538 1788 714 1829 candida
752 1789 834 1829 ista
870 1788 981 1842 luce,
1025 1803 1267 1842 quanquam
1304 1786 1511 1828 festinans

168 1848 418 1902 obsequium
452 1848 690 1901 terminare,
721 1850 907 1888 mentem
933 1847 1099 1900 capitur
1129 1846 1354 1888 temeraria
1378 1846 1512 1887 curio-

263 1956 282 1985 5
309 1951 431 1996 petitu
457 1954 576 1986 mesta
602 1952 648 1985 Fl
746 1956 765 1985 6
792 1951 965 1986 efferetur
990 1951 1017 1984 F
1109 1955 1128 1985 8
1157 1949 1347 1997 <cumba>
1374 1950 1514 1985 inserui

169 2004 188 2033 9
221 1999 412 2033 recalcans
448 1999 538 2034 Oua.
572 2000 627 2034 W.
659 2000 736 2034 coll.
766 2003 842 2033 161.
864 2002 908 2032 ‘30
947 1999 1049 2043 (quid
1079 1999 1119 2032 in
1149 1999 1312 2043 maryiwe
1343 1997 1371 2031 F
1400 1998 1514 2041 fuerit

169 2048 303 2091 dispici
328 2058 401 2080 non
422 2050 550 2091 potest)
659 2050 772 2081 1213
806 2045 867 2080 uel
899 2045 1048 2079 omnino
1074 2044 1279 2089 <perniciei
1304 2045 1421 2091 tuae>
1447 2044 1513 2079 ad-

170 2093 311 2128 dictum
332 2093 511 2127 curiosius
533 2093 748 2139 <scrut-ari>
766 2094 896 2137 scripsi
927 2105 960 2127 11.
977 2103 1008 2127 o.
1025 2092 1175 2126 diuinae
1195 2091 1453 2126 formonsitate
1467 2090 1514 2125 F2

170 2141 297 2174 (liuine
323 2140 568 2174 formositatis
602 2140 648 2184 q2²
673 2141 727 2184 (in
752 2145 901 2185 utroque
927 2141 1018 2175 libro
1043 2140 1195 2174 inseruit
1213 2151 1256 2173 m.
1277 2140 1409 2183 recens)
1448 2138 1513 2173 ad-

171 2188 313 2222 dictum
338 2187 420 2231 F¹<p
454 2187 623 2221 abditum
649 2187 695 2221 F2
729 2187 789 2221 uel
811 2187 959 2221 omnino
987 2215 1087 2221 .....
1115 2186 1308 2220 addictum
1334 2185 1513 2220 curiosius

169 2236 413 2270 thensaurum
444 2235 498 2268 U'.
526 2236 570 2277 cf.
604 2235 742 2269 Traube
768 2236 870 2279 apud
894 2235 948 2269 W.
970 2235 1015 2268 A.
1042 2239 1074 2268 et
1100 2234 1158 2267 Ps.
1181 2246 1218 2278 Ρ.
1240 2237 1284 2267 48
1311 2238 1343 2268 et
1371 2236 1447 2267 181.
1471 2236 1512 2266 19

172 2287 215 2316 14
247 2284 289 2316 ut
320 2281 483 2326 propitia
521 2294 588 2327 my.
622 2282 649 2315 F
694 2282 858 2326 propitia
890 2283 913 2316 ὃ
1039 2285 1093 2315 21.
1115 2284 1157 2314 22
1198 2280 1411 2315 dedicatum
1447 2280 1513 2324 sz

172 2334 215 2364 ⁶26
243 2329 450 2364 obseruatis
477 2329 578 2373 quol
