1539 2556
600 108 886 145 PRAEFATIO.
1273 109 1410 145 XVIIII

65 223 179 250 suam
209 211 425 261 imaginem
456 210 497 247 in
529 209 552 247 ὃ
582 209 808 259 reliquisse,
842 208 949 258 quod
979 208 1083 246 idem
1116 209 1407 249 demonstrasse

64 271 163 308 mihi
193 270 333 308 uideor
364 282 411 306 ex
437 263 767 318 supplementisl)
801 267 947 305 codicis
974 267 996 305 ὁ
1024 268 1064 304 in
1091 268 1177 306 loco
1204 269 1274 307 illo
1300 270 1407 307 lacu-

63 342 159 368 noso
196 329 288 367 libri
318 328 417 365 VIII
455 327 694 377 comparatis
734 340 822 365 cum
859 326 956 377 illis,
996 326 1138 376 quibus
1185 330 1405 366 ceterorum

62 389 263 438 librorum·
286 387 453 425 lacunae
486 387 675 436 impletae
708 388 813 436 sunt,
846 398 948 435 quae
982 398 1117 423 omnes
1150 386 1198 423 ab
1232 381 1281 435 φ2
1312 400 1406 436 pen-

63 449 155 485 dere
190 447 390 484 uidentur.
446 445 742 496 Argumentum
785 444 1024 495 speciosum,
1064 444 1169 493 quod
1213 446 1408 484 attulerat

62 500 387 557 Rossbachius2),
426 507 473 543 ut
511 505 737 543 ostenderet
775 503 797 541 δ
834 503 908 541 niti
946 506 1080 541 textus
1117 505 1345 542 recensione
1384 517 1407 543 a

60 564 302 603 Florentinis
335 564 476 614 aliena,
508 564 548 601 in
582 565 717 601 eadem
747 562 1093 611 disputatiuncula
1124 563 1305 601 refellere
1338 576 1406 613 ag-

61 636 220 674 gressus
252 636 341 661 suni
373 623 678 661 demonstrando
711 622 845 671 potius
871 622 958 659 ueri
985 622 1111 659 simile
1145 634 1241 671 esse,
1272 623 1406 660 uirum

62 683 260 732 quendam
299 683 460 720 doctum
497 682 620 719 uerba
650 681 855 731 Fulgentii
892 681 932 718 in
966 680 988 718 ὃ
1026 681 1093 718 uel
1130 681 1171 718 in
1208 694 1405 730 proauum

61 743 237 792 aliquem
268 741 361 778 libri
388 741 628 780 Doruilliani
659 740 855 778 intulisse.
897 739 1006 784 Quae
1033 752 1123 777 cum
1149 740 1404 792 scripsissem,

58 801 356 839 Doruillianum
384 800 610 838 accuratius
637 800 805 838 scrutari
830 811 1000 849 pergens
1027 799 1139 836 illam
1166 812 1295 837 meam
1321 800 1404 849 opi-

58 860 218 898 nionem
255 860 301 897 de
339 860 573 909 Apuleianis
613 872 659 897 ex
696 859 910 909 Fulgentio
949 858 1203 907 interpolatis
1241 871 1404 907 prorsus

58 919 332 957 confirmatam
363 919 458 956 uidi.
502 918 549 956 In
580 918 680 956 libro
714 918 818 955 enim
850 917 907 955 IV
939 930 968 955 c.
992 919 1044 955 35
1078 931 1115 966 p.
1139 919 1204 956 94.
1227 920 1280 956 26
1314 921 1406 967 post

57 978 179 1016 uerba
216 979 422 1025 taedasque
452 979 662 1027 nztptiules,
694 978 832 1024 quibus
856 977 1140 1024 praeluxerunt
1175 977 1316 1014 ibidem
1347 978 1403 1015 lu-

57 1039 187 1075 crz’mz’s
217 1039 300 1075 suis
332 1039 515 1074 extinctus
545 1038 799 1084 relinquentes
831 1037 916 1074 loco
942 1037 1062 1085 plane
1089 1036 1218 1074 alieno
1251 1036 1403 1074 inserta

57 1099 150 1134 sunt
187 1096 227 1134 in
260 1096 299 1134 δε
344 1098 494 1144 commo
532 1098 660 1143 itaque
690 1096 877 1143 perfeeto,
916 1095 1056 1132 deinde
1099 1095 1280 1144 procedit
1318 1107 1402 1133 sen-

56 1156 199 1193 tentia:
232 1156 384 1193 deiectis
409 1156 597 1202 capitibus
623 1156 895 1193 domuitionem
913 1156 1073 1201 purant.
1116 1154 1304 1203 Ineptum
1329 1155 1402 1192 hoc

57 1214 374 1252 additamentum
418 1216 621 1263 sumptum
661 1216 721 1251 est
759 1227 804 1251 ex
840 1213 1074 1262 Fulgentio:
1119 1213 1166 1250 de
1207 1213 1401 1251 abstrusis

58 1273 304 1311 sermonibus
344 1267 509 1325 (Lersch
540 1270 755 1323 p.XV111>
797 1272 897 1319 Quid
931 1273 981 1309 sit
1018 1274 1223 1319 eor-aquom.
1283 1271 1402 1309 Cora-

51 1334 161 1380 {Jium
191 1333 331 1370 dicitur
361 1333 554 1379 uiryiuule
584 1332 716 1379 fimus.
772 1331 880 1368 Siout
910 1331 1088 1378 apuleius
1118 1332 1160 1368 «in
1200 1334 1401 1369 nzetanzor-

46 1392 219 1439 phoseon
250 1393 323 1429 ait:
354 1393 504 1438 eoruyio
530 1393 658 1438 situque
682 1391 851 1438 perfeeto
877 1401 1005 1427 omnes
1031 1391 1301 1427 domuitionem
1324 1403 1401 1437 pu-

55 1453 163 1495 rant,
196 1451 260 1487 uel
291 1451 332 1486 in
365 1451 492 1487 altera
523 1450 767 1487 recensione:
807 1451 1003 1496 communi
1034 1450 1174 1486 dieitur
1208 1451 1402 1497 uiryinale

55 1511 177 1557 funus
207 1511 306 1547 sieut
336 1509 513 1556 apuleius
543 1511 586 1546 in
615 1509 929 1555 metamorfoseon
962 1509 1025 1545 uit.
1080 1507 1242 1555 Commo
1273 1510 1402 1556 itaque

48 1569 230 1616 profecto.
269 1580 398 1606 omnes
429 1569 693 1606 dormitionem
722 1570 882 1615 parunt.
937 1567 1087 1604 Eadem
1125 1579 1266 1604 manus
1299 1580 1400 1617 quae

56 1629 153 1665 haec
189 1640 267 1665 non
305 1627 422 1664 nimis
461 1628 644 1665 sollerter
679 1627 854 1677 infulsit,
893 1627 1066 1664 alterum
1108 1626 1225 1663 illum
1268 1627 1400 1664 locum

55 1687 176 1736 paulo
209 1686 393 1724 callidius
423 1686 697 1735 interpolauit.

147 1745 385 1795 Quanquam
415 1745 456 1782 in
487 1745 561 1783 hac
591 1758 633 1782 re
660 1758 749 1783 cum
775 1744 1017 1782 Rossbachio
1050 1745 1179 1782 facere
1205 1757 1283 1782 non
1310 1756 1398 1794 pos-

57 1817 156 1856 sum,
188 1805 315 1842 eidem
346 1804 434 1842 uiro
464 1804 580 1842 docto
612 1805 730 1853 plane
757 1803 963 1854 assentior,
996 1803 1102 1853 quod
1132 1804 1201 1841 ille
1229 1816 1275 1840 ex
1307 1816 1398 1852 sup-

55 1863 266 1913 plementis
291 1863 384 1901 libri
411 1863 444 1913 ὅ,
471 1876 543 1914 ego
572 1876 616 1901 ex
642 1878 672 1913 φ
699 1864 965 1913 effeceramus,
997 1863 1161 1900 lacunas
1187 1862 1279 1899 libri
1302 1862 1398 1900 VIII

58 1936 105 1960 ex
140 1923 261 1961 tertio
295 1922 466 1972 quodam
505 1922 637 1960 codice
675 1923 849 1972 repletas
882 1934 982 1972 esse,
1015 1935 1131 1971 quem
1171 1922 1396 1971 suspicatus

56 1991 144 2019 sum
182 1995 228 2019 ex
264 1982 296 2019 F
334 1994 418 2019 esse
456 1983 679 2031 exaratum,
711 1983 924 2031 antequam
962 1981 1245 2018 lacerationem
1285 1981 1397 2018 illam

56 2053 197 2090 passus
231 2043 345 2078 esset.
385 2040 509 2079 Porro
537 2053 584 2078 ex
614 2041 780 2091 ratione,
813 2053 893 2090 qua
924 2040 964 2077 in
996 2040 1163 2077 diuersis
1196 2039 1397 2078 codicibus

150 2155 184 2195 1)
216 2153 260 2188 cf.
287 2153 526 2197 Mnemosyne
554 2155 655 2187 1896.
681 2165 715 2197 p.
738 2157 806 2187 210

151 2203 185 2246 2>
209 2201 313 2235 Neue
328 2201 454 2235 Jahrb.
471 2200 494 2235 f.
509 2200 604 2234 Phil.
622 2203 721 2235 1895.
742 2213 777 2245 p.
794 2204 871 2235 175.
898 2199 1005 2234 Vidit
1019 2198 1117 2234 enim
1130 2198 1394 2241 Rossbachius,

55 2248 154 2291 quod
185 2247 262 2282 iam
293 2250 404 2282 antea
430 2248 579 2282 uiderat
605 2247 903 2292 Oudendorpius,
935 2247 974 2281 in
1000 2246 1183 2290 scriptura
1214 2245 1302 2289 loci,
1330 2245 1394 2288 qui

55 2297 112 2329 est
135 2307 169 2340 p.
193 2299 270 2329 101.
292 2299 336 2328 24
363 2306 407 2330 ex
434 2295 604 2329 omnibus
630 2294 735 2328 libris
761 2307 847 2329 mss.
874 2294 993 2328 solum
1012 2293 1285 2328 Doruillianum
1311 2303 1394 2326 cum

54 2342 178 2376 uerbis
203 2342 393 2387 Fulgentii
418 2341 621 2377 concinere.
