1591 2556
515 80 615 116 CAP.
642 80 963 128 XXV111÷XXX1
1358 81 1416 123 45

74 179 264 233 corporis
307 178 390 219 mei
427 179 569 219 custos
611 176 680 217 hic
724 176 1023 231 sagacissimus
1073 180 1261 218 exertam
1311 177 1417 218 mihi

73 241 237 280 teneret
284 237 494 292 uigiliam,
539 235 788 277 cantatrices
833 250 938 276 anus
988 236 1154 276 exuuiis
1203 236 1308 277 meis
1357 237 1418 277 in-

74 298 283 339 minentes
315 299 439 350 atque
472 295 525 336 ob
558 295 601 335 id
632 294 884 336 reformatae
914 295 1074 335 frustra
1104 295 1289 349 saepius,
1321 309 1417 336 cum

76 356 329 398 industriam
349 353 538 396 sedulam
552 354 641 395 eius
656 353 801 395 fallere
815 354 1121 408 nequiuissent,
1141 356 1418 408 postremum,

37 433 54 458 5
74 416 227 457 iniecta
258 413 396 455 somni
426 413 582 454 nebula
613 427 745 467 eoque
777 413 821 453 in
853 413 1107 467 profundam
1139 412 1325 467 quietem
1358 428 1417 454 se-

73 474 206 529 pulto,
231 488 297 514 me
323 472 494 513 nomine
521 472 629 513 ciere
654 487 740 513 non
765 472 883 526 prius
911 471 1138 527 desierunt,
1164 486 1291 526 quam
1319 471 1418 512 dum

72 533 245 574 hebetes
283 534 400 573 artus
438 534 481 573 et
517 531 708 572 membra
744 531 900 586 frigida
936 531 1071 586 pigris
1110 531 1332 572 conatibus
1366 531 1418 571 ad

73 591 176 633 artis
208 591 396 646 magicae
422 591 618 631 nituntur
644 590 856 644 obsequia.
905 590 975 631 hic
1002 593 1151 644 utpote
1177 590 1303 631 uiuus
1330 590 1419 644 qui-

74 651 168 692 dem
201 650 275 692 sed
305 653 442 691 tamen
474 664 624 704 sopore
654 652 873 704 mortuus,
916 650 1030 704 quod
1068 649 1215 690 eodem
1252 663 1418 690 mecum

21 727 55 752 ιο
73 709 281 751 uocabulo
313 711 594 763 nuncupatur,
625 709 677 749 ad
709 723 832 750 suum
864 723 1018 750 nomen
1050 709 1224 764 ignarus
1250 708 1420 763 exurgit

73 771 117 810 et
162 768 205 810 in
250 768 455 810 exanimis
498 768 672 809 umbrae
716 768 890 809 modum
939 768 1159 809 ultroneus
1210 767 1419 822 gradiens,

73 842 318 882 quanquam
360 827 524 868 foribus
576 827 761 868 cubiculi
811 827 1037 882 diligenter
1087 826 1296 880 obclusis,
1346 842 1421 880 per

75 887 287 941 quoddam
323 886 513 928 foramen
551 886 779 940 praesectis
814 901 916 927 naso
948 886 1066 941 prius
1100 901 1146 927 ac
1178 900 1278 927 mox
1310 886 1419 926 auri-

74 946 154 987 bus
201 946 403 987 uicariam
456 960 533 1000 pro
581 960 647 987 me
694 945 907 987 lanienam
960 945 1227 999 susceptauit.
1289 947 1420 999 utque

20 1022 55 1048 15
74 1004 265 1046 fallaciae
296 1005 460 1059 reliqua
492 1004 808 1059 conuenissent,
841 1019 980 1046 ceram
1014 1005 1057 1046 in
1094 1004 1268 1045 modum
1305 1018 1420 1058 prae—

75 1067 284 1105 sectarum
327 1064 554 1105 formatam
605 1064 770 1105 aurium
815 1064 853 1105 ei
905 1064 1118 1118 adplicant
1163 1063 1419 1105 examussim

74 1137 305 1178 nasumque
337 1123 471 1177 ipsius
503 1123 685 1164 similem
718 1125 975 1177 comparant.
1027 1126 1068 1164 et
1099 1137 1209 1164 nunc
1252 1122 1421 1163 adsistit

75 1183 204 1223 miser
239 1182 309 1223 hic
340 1182 576 1236 praemium
614 1196 697 1222 non
737 1182 969 1223 industriae
1009 1182 1082 1223 sed
1114 1181 1420 1223 debilitationis

77 1240 355 1283 consecutus?

21 1317 56 1343 20
163 1299 243 1341 His
282 1300 407 1341 dictis
446 1299 697 1353 perterritus
736 1302 899 1341 tentare
936 1300 1153 1341 fortunam
1186 1299 1419 1354 adgredior.

74 1359 229 1400 iniecta
247 1373 375 1400 manu
396 1373 546 1399 nasum
567 1358 795 1412 prehendo,
821 1359 1031 1413 sequitur,
1052 1374 1173 1400 aures
1194 1361 1422 1413 pertracto,

74 1418 266 1459 deruunt.
328 1432 376 1459 ac
413 1417 513 1458 dum
551 1418 720 1458 directis
759 1418 904 1473 digitis
943 1421 985 1459 et
1023 1418 1200 1459 detortis
1244 1417 1421 1458 nutibus

73 1476 359 1532 praesentium
386 1476 573 1530 denotor,
600 1476 699 1517 dum
725 1477 835 1517 risus
862 1476 1025 1531 ebullit,
1051 1477 1162 1518 inter
1188 1477 1314 1530 pedes
1345 1477 1421 1517 cir-

75 1536 378 1578 cumstantium
402 1535 558 1590 frigido
584 1536 736 1577 sudore
763 1536 962 1589 diffluens
988 1536 1132 1577 euado.
1170 1550 1246 1576 nec
1272 1538 1421 1590 postea

23 1612 56 1638 25
77 1595 227 1637 debilis
265 1609 313 1636 ac
350 1595 410 1636 sic
448 1595 651 1636 ridiculus
688 1595 769 1636 lari
806 1610 872 1636 me
905 1596 1043 1649 patrio
1076 1595 1249 1636 reddere
1286 1595 1420 1648 potui,

4 1657 6 1670 ¹
77 1655 150 1696 sed
182 1654 346 1708 capillis
377 1653 477 1695 hinc
509 1654 605 1695 inde
636 1654 818 1695 laterum
852 1655 1025 1696 deiectis
1052 1655 1217 1695 aurium
1245 1653 1423 1695 uulnera

78 1713 224 1767 celaui,
254 1713 347 1754 nasi
378 1727 478 1754 uero
506 1713 684 1754 dedecus
715 1713 892 1755 linteolo
919 1714 1003 1755 isto
1030 1713 1210 1768 pressim
1239 1713 1421 1769 adgluti-

77 1776 177 1814 nato
211 1773 406 1814 decenter
437 1772 609 1813 obtexi’

166 1830 320 1873 XXXI.
354 1830 460 1872 Cum
486 1831 672 1885 primum
698 1831 975 1886 Thelyphron
1000 1831 1109 1874 hanc
1134 1831 1322 1873 fabulam
1350 1846 1421 1885 po-

172 1987 192 2017 2
219 1983 363 2017 exubiis
390 1983 472 2027 Fq0¹
497 1984 543 2026 ef.
570 1987 702 2027 49.27;
732 1987 886 2027 157.16;
915 1987 993 2018 211.
1012 1988 1071 2028 113
1100 1987 1239 2018 224.18
1321 1987 1340 2018 9
1367 1985 1424 2018 ta-

79 2041 164 2065 men
189 2031 345 2065 Putem.
385 2032 535 2064 tantum
564 2031 641 2065 cdd.
747 2035 790 2065 10
822 2030 969 2076 exurgit
994 2031 1040 2065 F¹
1144 2035 1187 2065 13
1219 2030 1422 2076 praesectis

80 2082 114 2112 et
148 2089 201 2112 us.
231 2081 273 2111 16
316 2079 594 2122 praesectarum
635 2079 766 2123 scripsi
807 2089 903 2123 pros.
942 2079 1020 2113 cdd.
1144 2082 1187 2112 14
1225 2077 1424 2112 suscitauit

82 2124 219 2169 Fcpdg
333 2128 376 2159 15
421 2124 682 2159 conuenissent
718 2125 803 2169 F¹q2
853 2125 1094 2160 conuenirent
1132 2125 1231 2160 F2E.
1288 2126 1424 2159 Tuetur

82 2173 264 2207 lectionem
306 2172 480 2207 librorum
519 2173 594 2206 Pet.
638 2173 716 2207 coll.
755 2176 831 2208 183.
859 2177 921 2216 323
962 2176 1117 2217 184.17;
1162 2173 1268 2218 Apol.
1304 2175 1422 2207 7126

84 2222 126 2252 17
169 2230 374 2263 nasumque
417 2220 547 2264 scripsi
582 2230 746 2263 nasoque
778 2222 855 2255 cdd.
977 2224 1020 2254 20
1055 2221 1201 2255 tentare
1236 2219 1282 2253 F¹
1331 2221 1423 2253 tem-

82 2267 188 2356 pltare
215 2280 242 2310 φ
334 2270 378 2300 24
405 2266 576 2301 diffluens
604 2266 730 2302 Heius.
772 2267 934 2302 defluens
967 2268 1045 2303 cdd.
1138 2271 1181 2301 29
1207 2266 1423 2310 theliphron

84 2324 128 2348 c.
156 2317 210 2348 30.
226 2317 287 2359 253
314 2317 427 2349 31.11
