1591 2556
110 87 165 127 70
668 85 793 120 LIBRI
818 86 885 120 1111

103 182 256 224 mulier
294 183 533 236 quaepiam,
577 197 684 223 uxor
721 183 810 223 eius
845 182 1023 236 scilicet,
1068 181 1194 222 simul
1226 195 1445 235 cumpro-

106 244 286 282 stratum
326 244 369 282 et
406 241 695 282 semianimem
737 257 787 282 ex
828 241 940 282 edito
982 240 1190 294 despexit,
1230 239 1446 281 heiulabili

105 315 200 341 cum
231 300 435 355 plangore
474 300 525 341 ad
557 315 652 341 eum
686 301 830 341 statim
862 315 955 354 pro-
989 300 1046 354 [p.
1073 300 1140 340 58.
1164 299 1232 353 E]
1266 298 1367 352 silit,
1399 302 1445 339 ut

104 360 170 400 sui
196 359 394 401 uidelicet
418 359 687 400 miseratione
714 359 819 400 mihi
845 374 1043 413 praesens
1069 361 1230 400 crearet
1254 357 1444 399 exitium.

105 419 246 460 cuncti
266 419 377 459 enim
404 419 559 473 pagani
573 418 744 459 fletibus
758 418 848 459 eius
869 418 994 458 exciti
1016 418 1161 459 statim
1181 416 1445 458 conclamant
1485 435 1499 458 r.

108 492 231 519 canes
264 481 391 531 atque
424 477 475 517 ad
507 491 573 517 me
601 476 846 518 laniandum
872 476 988 517 rabie
1012 477 1162 530 perciti
1188 476 1347 517 ferrent
1372 475 1447 516 im-

107 539 253 590 petum
285 536 444 590 passim
476 535 763 577 cohortantur.
824 538 926 576 tunc
963 535 1094 590 igitur
1131 535 1280 589 procul
1318 534 1446 576 dubio

106 596 189 636 iam
211 595 338 635 morti
357 595 589 649 proximus,
609 607 703 636 cum
724 594 911 635 uiderem
932 609 1055 636 canes
1075 598 1117 635 et
1130 594 1255 646 modo
1269 607 1446 648 magnos

106 658 148 694 et
179 668 354 695 numero
386 653 545 694 multos
577 656 619 695 et
650 654 760 694 ursis
792 668 839 695 ac
869 653 1062 695 leonibus
1095 653 1147 693 ad
1178 667 1446 708 conpugnan-

106 713 206 754 dum
240 713 430 766 idoneos,
463 713 506 753 in
537 728 604 753 me
636 715 890 754 conuocatos
923 712 1178 766 exasperari,
1219 727 1240 753 e
1245 726 1317 769 re
1347 714 1448 752 nata

107 775 229 825 capto
267 771 462 826 consilio,
505 772 651 826 fugam
690 772 834 813 desino
877 786 923 812 ac
960 786 1028 813 me
1068 774 1278 812 ietrorsus
1322 763 1446 811 celeri

106 831 239 885 gradu
280 846 448 872 rursum
481 831 524 871 in
556 831 770 872 stabulum
811 846 893 884 quo
933 831 1246 871 deuerteiamus
1277 829 1446 883 recipio.

105 893 149 930 at
181 889 243 930 illi
277 890 451 931 canibus
489 890 572 931 iam
605 903 728 944 aegre
766 889 966 930 cohibitis
999 890 1220 943 adreptum
1258 903 1324 930 me
1355 888 1446 929 loro

106 963 232 1002 quam
264 949 407 990 ualido
440 949 491 989 ad
522 949 713 990 ansulam
746 948 956 1002 quandam
989 948 1246 989 destinatum
1278 961 1447 988 rursum

105 1008 313 1049 caedendo
353 1008 633 1049 confecissent
672 1008 881 1061 profecto,
918 1007 1001 1048 nisi
1040 1007 1183 1048 dolore
1224 1006 1446 1061 plagarum
1486 1023 1499 1046 .-,

105 1067 227 1108 aluus
247 1070 385 1107 artata
403 1067 627 1121 crudisque
648 1067 733 1108 illis
753 1066 963 1107 holeribus
983 1066 1202 1107 abundans
1222 1068 1265 1107 et
1283 1065 1446 1106 lubrico

105 1126 223 1166 fluxu
256 1126 410 1179 saucia,
435 1127 535 1166 fimo
561 1125 785 1166 fistulatim
818 1139 1005 1179 excusso,
1033 1125 1237 1179 quosdam
1270 1124 1447 1165 extremi

104 1185 283 1250 liquoris
317 1185 557 1239 aspergine,
596 1184 701 1225 alios
732 1187 883 1238 putore
914 1184 1076 1225 nidoris
1107 1183 1253 1224 faetidi
1286 1198 1310 1224 a
1340 1183 1446 1224 meis

105 1244 187 1284 iam
220 1244 386 1298 quassis
417 1243 601 1298 scapulis
635 1243 852 1298 abegisset

193 1302 289 1344 IIII.
324 1302 415 1344 Nec
440 1317 559 1344 mora
585 1317 680 1344 cum
706 1303 790 1343 iam
822 1302 866 1343 in
897 1302 1115 1343 meridiem
1141 1315 1274 1355 prono
1301 1301 1446 1342 iubare
1467 1318 1482 1341 -2

105 1377 273 1403 rursum
312 1377 389 1403 nos
427 1377 474 1403 ac
506 1362 729 1416 praecipue
766 1376 833 1402 me
874 1361 999 1415 longe
1041 1361 1214 1416 grauius
1247 1362 1446 1401 onustum

106 1421 345 1474 producunt
376 1421 440 1462 illi
471 1421 657 1462 latrones
691 1420 869 1461 stabulo.
920 1420 1088 1474 iamque
1114 1419 1304 1461 confecta
1337 1418 1447 1459 bona

105 1483 224 1534 parte
256 1480 421 1521 itineris
452 1483 494 1521 et
525 1480 619 1521 uiae
651 1479 789 1533 spatio
822 1479 1010 1520 defectus
1048 1482 1090 1519 et
1129 1478 1315 1519 sarcinae
1347 1491 1447 1531 pon-

106 1539 203 1580 dere
230 1539 452 1594 depressus
473 1538 712 1592 ictibusque
737 1538 916 1579 fustium
941 1538 1146 1592 fatigatus
1167 1540 1293 1591 atque
1320 1536 1447 1577 etiam

105 1598 278 1653 ungulis
311 1598 479 1639 extritis
506 1598 589 1638 iam
616 1597 788 1638 claudus
814 1600 856 1638 et
880 1596 1082 1650 titubans,
1107 1595 1295 1637 iiuulum
1322 1609 1447 1649 quen·
1468 1614 1483 1636 ι»

106 1657 201 1697 (13111
228 1657 436 1723 serpentis
462 1657 614 1698 leniter
646 1671 778 1710 aquae
809 1659 984 1710 propter
1009 1656 1222 1709 insistens,
1248 1654 1447 1695 subtilem

106 1716 370 1757 occasionem
413 1708 594 1757 feliciter
636 1718 784 1756 nactus
830 1715 1069 1769 cogitabam
1113 1688 1251 1755 totuin
1293 1716 1448 1754 memet

106 1775 228 1816 flexis
260 1775 365 1816 scite
397 1775 590 1816 omibus
622 1789 801 1828 pronum
836 1774 1011 1827 abicere,
1043 1776 1182 1815 certus
1221 1775 1347 1827 atque
1379 1772 1448 1813 ob

105 1834 291 1875 stinatus
323 1833 452 1875 nullis
484 1833 732 1891 uerberibus
764 1833 816 1873 ad
848 1807 1173 1887 ingrediundum
1212 1844 1449 1886 exsurgere,

108 1893 238 1934 immo
271 1893 398 1934 etiam
436 1896 608 1947 paratus
647 1907 730 1933 non
768 1892 873 1932 fusti
911 1894 1076 1933 tantum
1109 1891 1345 1943 (resistere)
1377 1889 1450 1931 sed

106 1952 211 2005 <ne>
243 1951 465 1993 machaera
495 1952 711 2006 peifossus
738 1951 995 1992 occumbere.
1058 1950 1180 1990 101131·
1214 1949 1326 1990 enim
1365 1949 1448 1989 iam

201 2130 220 2160 6
248 2128 359 2170 atque
386 2127 463 2162 edd.
492 2128 605 2169 utque
632 2126 670 2160 E.
759 2129 778 2159 S
806 2125 932 2171 modo]
959 2124 1055 2159 mole
1081 2123 1205 2158 Rohde
1292 2127 1334 2156 11
1362 2133 1444 2156 011111

106 2173 184 2208 filio
215 2173 299 2216 F¹q>
421 2173 548 2208 desino
575 2173 688 2216 Ιῖδφ1
733 2172 878 2207 destino
905 2171 952 2216 ςο2
966 2171 1005 2206 Ε.
1038 2172 1083 2215 cf.
1111 2174 1225 2205 5726
1252 2175 1284 2205 et
1315 2172 1448 2211 71.18;

108 2224 163 2254 81.
180 2223 241 2263 ‘383
263 2224 317 2255 8⁵2.
333 2225 393 2263 25;
416 2224 525 2255 9321
614 2224 656 2254 13
683 2230 742 2254 ere
769 2228 799 2262 φ
886 2223 928 2253 16
955 2217 1018 2254 ahi
1039 2216 1076 2260 (11
1096 2219 1137 2252 in
1156 2219 1241 2260 ras.)
1266 2217 1294 2251 F
1320 2216 1394 2260 alb3
1422 2230 1448 2261 φ

108 2266 238 2310 olerib;
258 2268 286 2301 F
356 2271 398 2302 19
425 2267 614 2311 abegisset
634 2268 656 2301 ὃ
678 2268 768 2301 Oud.
798 2265 1007 2311 abegissem
1024 2265 1088 2309 qu
1102 2264 1142 2299 E.
1209 2267 1253 2298 ‘20
1273 2275 1318 2298 ne
1338 2263 1385 2297 F¹
1402 2265 1448 2306 cf.

108 2318 240 2350 10314
292 2319 335 2349 30
359 2314 587 2362 (resistere)
603 2319 634 2350 et
650 2314 749 2361 (ne)
767 2315 902 2349 inserui
923 2312 1108 2357 perfossus
1129 2311 1188 2345 F&
1212 2321 1406 2355 percussus
1422 2323 1449 2354 φ

1468 730 1501 753 10

1469 1907 1503 1931 30
