1591 2556
568 89 667 125 CAP.
694 89 877 135 vni-xi
1337 91 1392 131 75

48 187 151 241 quin
182 201 229 228 ac
261 187 454 228 sordidus
486 200 635 228 aureos
666 185 790 228 folles
816 186 1055 227 incubabat.
1100 201 1200 242 ergo
1226 187 1388 241 placuit

47 246 100 286 ad
123 245 236 287 hunc
266 245 448 300 primum
476 245 682 287 ferremus
710 245 884 299 aditum,
910 248 958 286 ut
984 248 1218 299 contempta
1242 261 1386 302 pugna

46 319 196 346 manus
228 305 374 346 unicae
406 304 523 345 nqu
555 304 726 360 negotio
760 304 922 346 cunctis
956 304 1107 358 opibus
1148 305 1282 346 otiose
1314 321 1384 359 po-

46 364 233 405 tiremur.
295 363 344 404 X.
383 378 459 405 nec
490 378 609 404 mora
641 377 735 404 cum
774 363 912 404 noctis
945 363 1067 404 initio
1100 363 1263 405 foribus
1297 365 1385 406 eius

44 422 369 476 praestolamur,
410 437 514 476 quas
552 437 687 477 neque
725 421 946 464 subleuare
990 437 1125 477 neque
1171 422 1386 465 dimoucre

44 496 90 523 ac
115 496 168 523 ne
194 481 453 536 perfringere
480 481 650 535 quidem
676 481 799 522 nobis
825 481 1060 535 uidebatur,
1085 496 1137 522 ne
1164 481 1385 523 ualuarum

44 555 173 582 sonus
205 543 401 582 cunctam
433 540 633 582 uiciniam
666 543 812 582 nostro
845 541 1070 582 suscitaret
1097 540 1240 582 exitio.
1284 544 1387 582 tunc

43 599 185 653 itaque
218 599 412 641 sublimis
451 599 521 641 ille
554 599 801 641 uexillarius
839 602 984 642 noster
1014 599 1252 641 Lamachus
1294 615 1384 654 spe-

43 661 179 703 ctatae
228 658 401 700 uirtutis
446 673 545 700 suae
588 658 759 712 fiducia,
810 673 893 712 qua
936 659 1047 700 claui
1092 658 1385 700 immittendae

0 729 2 739 ’
41 717 230 758 foramen
261 717 434 771 patebat
459 718 615 759 sensim
648 718 824 759 inmissa
855 732 995 771 manu,
1022 718 1255 758 claustrum
1276 718 1384 759 euel-

40 776 125 818 lere
152 776 370 831 gestiebat.
403 777 477 818 sed
503 777 660 818 dudum
687 777 848 818 scilicet
874 777 1063 818 omnium
1090 777 1291 831 bipedum
1317 792 1385 818 ne—

41 835 272 890 quissimus
293 835 526 890 Chryseros
546 836 729 891 uigilans
756 839 798 877 et
824 836 993 891 singula
1018 851 1160 877 rerum
1186 836 1385 889 sentiens,

40 894 176 936 lenem
209 895 387 949 gradum
419 898 461 936 et
492 895 696 936 obnixum
723 894 941 936 silentium
966 894 1152 936 tolerans
1179 895 1385 949 paulatim

41 953 205 1008 adrepit
242 954 475 1009 grandique
514 954 633 995 clauo
673 969 846 995 manum
885 954 1002 995 ducis
1034 955 1170 996 nostri
1212 958 1384 1008 repente

40 1013 135 1054 nisu
176 1013 411 1054 fortissimo
457 1013 508 1054 ad
549 1013 648 1054 ostii
686 1013 876 1054 tabulam
915 1013 1056 1068 offigit
1094 1017 1136 1055 et
1174 1013 1383 1054 exitiabili

40 1086 156 1116 nexu,
193 1072 478 1126 patibulatum
524 1072 767 1126 relinquens
811 1072 1070 1127 gurgustioli
1115 1072 1181 1114 sui
1225 1075 1385 1113 tectum

40 1130 228 1172 ascendit
269 1134 395 1185 atque
434 1131 529 1171 inde
569 1131 889 1172 contentissima
930 1146 1032 1172 uoce
1065 1131 1288 1173 clamitans
1320 1145 1383 1173 ro-

0 1226 1 1233 ,
40 1203 229 1244 gansque
273 1190 435 1231 uicinos
480 1193 522 1231 et
564 1204 697 1230 unum
739 1204 948 1244 quemque
997 1190 1169 1244 proprio
1215 1190 1385 1232 nomine

0 1256 2 1260 ’
42 1249 154 1289 ciens
188 1252 230 1289 et
262 1248 411 1290 salutis
439 1249 674 1290 communis
702 1249 942 1302 admonens,
975 1249 1166 1290 diffamat
1192 1249 1385 1291 incendio

0 1313 1 1318 ’
42 1307 261 1361 repentino
304 1307 475 1348 domum
517 1322 635 1348 sua-m
676 1308 894 1362 possideri.
958 1308 1018 1350 sic
1056 1323 1166 1349 unus
1206 1308 1385 1362 quisque

41 1366 225 1420 proximi
263 1366 439 1420 periculi
482 1367 664 1407 confinio
697 1367 872 1408 territus
914 1367 1203 1421 suppetiatum
1243 1367 1385 1408 decur-

40 1428 140 1466 runt
170 1425 295 1466 anxii.
357 1424 430 1466 XI.
468 1428 570 1466 tunc
601 1440 678 1466 nos
717 1425 761 1466 in
804 1426 979 1479 ancipiti
1010 1426 1198 1480 periculo
1231 1426 1384 1467 consti-

41 1484 124 1525 tuti
150 1484 219 1526 uel
245 1484 511 1540 opprimendi
531 1484 666 1525 nostri
692 1484 761 1525 uel
782 1485 999 1526 deserendi
1026 1485 1130 1526 socii
1150 1485 1383 1526 remedium

41 1539 147 1596 cire?
169 1546 269 1584 nata
308 1540 497 1584 ualidum
538 1557 586 1584 eo
627 1543 797 1584 uolente
835 1544 1206 1585 comminiscimus.
1271 1546 1382 1585 ante-

40 1602 207 1657 signani
238 1602 373 1644 nostri
404 1605 580 1656 partem,
613 1617 696 1656 qua
726 1617 876 1644 manus
909 1617 1102 1644 umerum
1135 1603 1262 1657 subit,
1293 1603 1381 1644 ictu

40 1676 115 1715 per
152 1661 378 1702 articulum
417 1661 605 1703 medium
643 1664 876 1716 temperato
916 1677 1089 1716 prorsus
1128 1662 1385 1704 abscidimus

41 1723 166 1774 atque
207 1720 267 1761 ibi
303 1720 475 1761 brachio
508 1719 674 1774 relicto,
706 1720 853 1762 multis
891 1721 1058 1762 laciniis
1097 1721 1248 1763 offulto
1293 1721 1385 1762 uul-

42 1779 98 1833 [p.
114 1779 180 1819 63.
196 1778 265 1833 E]
286 1794 396 1833 nere,
422 1794 473 1820 ne
494 1779 632 1820 stillae
653 1780 872 1834 sanguinis
893 1781 1124 1835 uestigium
1145 1780 1384 1835 proderent7

134 1970 153 1999 ⁴2
180 1968 393 2011 contempta
420 1979 447 2009 φ
475 1968 650 2000 contenta
676 1967 729 2011 &g
755 1969 935 2011 concepta
960 1967 1040 2001 FE.
1103 1972 1134 2001 3.
1150 1972 1172 2002 4
1198 1967 1382 2012 potiretur

41 2012 106 2056 Fep
151 2017 170 2047 5
190 2013 438 2058 prestolamur
452 2013 497 2047 F1
510 2018 543 2047 et
562 2013 608 2046 F³
626 2013 841 2057 prestolatis
861 2014 945 2056 F2q)
971 2014 1172 2058 postulatis
1194 2016 1216 2048 ὃ
1272 2017 1292 2048 8
1313 2014 1382 2048 La-

40 2059 188 2094 mathus
214 2060 313 2105 Fqng
385 2064 416 2094 8.
433 2064 452 2094 9
480 2062 696 2104 spectatam«
721 2060 749 2095 F
782 2063 1014 2106 spectatatae
1041 2062 1088 2105 φ1
1170 2066 1210 2095 11
1237 2062 1282 2104 cf.
1312 2062 1384 2096 Cic.

41 2107 83 2141 de
108 2108 210 2142 domo
240 2111 260 2149 ξ
284 2110 345 2151 48;
374 2108 473 2142 le.
501 2107 573 2152 Ep.
600 2107 625 2142 1.
654 2111 686 2143 5.
709 2111 753 2142 14
875 2113 916 2143 16
960 2108 1215 2153 patibulatum
1252 2109 1384 2153 80111τῖ9.

40 2153 252 2198 patibulum
282 2155 361 2189 cdd.
470 2158 514 2188 22
546 2166 626 2189 cum
662 2156 758 2190 oculi
787 2156 923 2191 scribae
955 2157 1000 2191 ab
1037 2157 1148 2191 altero
1186 2155 1304 2190 nostri
1336 2156 1385 2189 ad

41 2201 194 2236 alterum
212 2203 435 2236 aberrassent
454 2202 565 2236 uerba
589 2201 706 2236 nostri
721 2222 764 2227 —
778 2202 1017 2247 antesignani
1037 2204 1078 2237 in
1097 2216 1125 2247 φ
1149 2208 1234 2237 sunt
1253 2203 1384 2237 omissa

43 2251 89 2281 24
114 2247 424 2301 comminiscimus
456 2250 502 2291 cf.
530 2248 650 2283 Neue3
674 2248 734 2283 111.
762 2254 803 2283 31
928 2253 971 2284 -26
1010 2250 1236 2284 abscidimus
1270 2249 1328 2282 F&
1343 2248 1383 2282 E.

45 2303 156 2353 abscb
163 2331 181 2362 11
189 2318 308 2353 dimus
336 2333 362 2362 φ
