1591 2556
175 93 189 132 ]
201 92 258 133 54
732 92 859 127 LIBRI
885 93 952 127 VII

172 188 382 230 terribiles
416 189 596 242 alioquin
631 192 672 230 et
710 189 856 243 utique
896 189 1047 242 quouis
1079 189 1196 230 asino
1228 189 1424 231 fortiores
1457 188 1531 232 dex

171 261 237 288 me
275 250 510 289 metuentes
543 248 624 288 sibi
656 250 697 289 et
728 248 933 289 adulterio
967 248 1162 302 degeneri
1199 251 1507 303 praecauentes,

171 321 248 348 nec
266 306 490 361 hospitalis
512 305 626 347 Iouis
651 309 817 348 seruato
851 307 907 361 [p.
932 306 1025 347 127.
1045 306 1114 361 E]
1140 307 1305 348 foedere
1331 307 1507 348 riualem

171 380 336 407 summo
367 366 555 407 furentes
588 368 863 419 persecuntur
888 365 995 406 odio.
1033 365 1114 420 hic,
1146 365 1267 406 elatis
1298 366 1342 406 in
1374 364 1536 418 altumf

169 425 302 465 uastis
347 424 607 478 pectoribUS,
651 425 805 465 arduus
850 424 986 478 capite
1028 427 1069 465 et
1113 424 1306 465 sublimis
1349 425 1507 466 uertice

171 483 429 537 primoribus
467 483 510 524 in
548 497 614 523 me
654 483 889 537 pugillatur
926 483 1115 537 ungulis,
1153 483 1223 524 ille
1260 486 1380 539 terga
1418 483 1508 538 pul-

170 542 285 596 posis
318 542 469 583 torulis
505 542 632 582 obesa
663 545 911 583 conuertens
942 542 1169 596 postremis
1201 541 1401 583 uelitatur
1429 542 1508 583 cal-

172 601 308 654 cibus,
359 601 466 641 alius
515 600 684 641 hinnitu
733 600 919 655 maligno
971 600 1270 655 comminatus,
1313 601 1533 643 remulsis-

172 660 345 700 auribus
372 660 646 713 dentiumque
673 659 940 700 candentium
960 660 1175 701 renudatis
1202 659 1343 713 aseeis,
1368 662 1507 701 totum

171 733 238 759 me
271 719 576 760 commorsicat.
628 719 687 760 sic
720 719 831 772 apud
860 718 1083 759 historiam
1116 719 1165 760 de
1197 732 1296 773 rege
1327 718 1506 760 Thracio

168 777 373 832 legeram,
406 777 479 831 qui
517 778 694 818 miseros
725 777 916 831 hospites
948 777 1094 818 ferinis
1127 778 1246 831 equis
1284 778 1372 818 suis
1403 777 1508 819 lace-

168 837 321 877 randos
354 836 700 890 deuorandosque
732 836 970 890 proiciebat.
1021 837 1122 877 adeo
1155 836 1226 877 ille
1256 839 1508 890 praepotens

168 898 374 949 tyrannus
414 896 475 936 sic
507 910 658 949 parcus
690 895 837 936 hordei
868 895 962 949 fuit,
993 898 1041 936 ut
1072 895 1262 936 edacium
1302 895 1507 936 iumento-

168 969 263 995 rum
301 954 456 995 famem
495 969 718 1008 corporum
756 954 1038 995 humanorum
1075 954 1301 1009 largitione
1332 954 1506 995 sedaret.

167 1012 302 1054 XVII.
354 1013 406 1053 ad
449 1013 627 1054 eundem
672 1012 842 1053 modum
889 1013 1115 1054 distractus
1159 1016 1200 1054 et
1244 1013 1333 1067 ipse
1377 1013 1538 1056 uariis1

166 1086 371 1125 equorum
403 1071 661 1124 incursibus,
693 1086 838 1112 rursus
870 1072 1050 1112 molares
1086 1071 1182 1112 illos
1214 1072 1414 1113 circuitus
1447 1087 1506 1113 re·
1546 1082 1549 1087 '

166 1130 396 1184 quirebam.
438 1145 585 1171 uerum
610 1130 800 1171 Fortuna
830 1130 935 1171 meis
964 1130 1220 1171 cruciatibus
1252 1130 1506 1172 insatiabilis
1550 1129 1564 1187 ξ

165 1189 291 1230 aliam
318 1189 423 1230 mihi
451 1190 586 1230 denuo
612 1192 775 1243 pestem
801 1189 1015 1230 instruxit.
1055 1189 1225 1244 delegor
1250 1190 1362 1230 enim
1387 1189 1505 1244 ligno
1554 1203 1582 1233 tl

164 1252 307 1289 monte
340 1248 589 1289 deuehundo
628 1262 816 1302 puerque
847 1247 953 1288 mihi
985 1248 1222 1302 praefectus
1262 1248 1506 1302 imponitur,
1578 1268 1579 1271 ¹

163 1308 324 1361 <prae>
345 1307 541 1348 omnibus
567 1307 638 1347 ille
660 1307 828 1361 quidem
850 1307 1112 1348 deterrimus.
1153 1322 1229 1349 nec
1254 1322 1320 1348 me
1347 1307 1504 1348 montis

164 1366 319 1407 excelsi
360 1368 525 1407 tantum
567 1366 745 1406 arduum
785 1366 993 1420 fatigabat
1038 1366 1203 1420 iugum,
1243 1381 1319 1407 nec
1360 1381 1505 1408 saxeas

161 1428 329 1465 tantum
363 1425 486 1466 sudes
520 1425 772 1466 incursando
806 1425 1084 1466 contriueram
1116 1425 1317 1480 ungulas,
1358 1439 1505 1466 uerum

161 1484 340 1524 fustium
380 1498 547 1538 quoque
586 1484 743 1525 crebris
785 1484 939 1524 ictibus
978 1483 1138 1537 prolixe
1179 1483 1421 1538 dedolabar,
1458 1486 1506 1525 ut
1548 1510 1550 1516 ·

162 1557 295 1596 usque
322 1542 614 1596 <uapuland0>
640 1542 861 1597 plagarum
893 1542 999 1583 mihi
1029 1542 1273 1584 medullaris
1305 1543 1506 1584 insideret
1588 1576 1591 1607 ¹

163 1601 292 1642 dolor.
353 1616 563 1655 coxaeque
608 1601 802 1642 dexterae
847 1616 1012 1655 semper
1054 1602 1163 1643 ictus
1207 1601 1417 1643 incutiens
1461 1604 1553 1645 etas
1586 1617 1591 1650 ,⁴

162 1675 293 1701 unum
331 1660 518 1701 feriendo
556 1660 696 1701 locum
729 1660 933 1714 dissipato
966 1660 1079 1701 corio
1119 1663 1160 1702 et
1197 1660 1350 1702 ulceris
1387 1661 1502 1702 latis·
1586 1655 1591 1660 ’

258 1792 274 1821 1
301 1787 489 1822 terribiles
516 1786 683 1831 alioquin
702 1789 739 1822 et
758 1787 887 1831 utique
907 1789 930 1822 ἃ
959 1787 1061 1831 Oua„
1075 1787 1159 1831 Lu„
1179 1788 1322 1832 Haupt,
1343 1787 1433 1822 Koz.
1455 1787 1500 1830 cf.
1555 1772 1591 1794 ιν

163 1861 240 1891 145.
258 1860 276 1891 7
303 1859 328 1892 t.
351 1857 445 1892 alios
469 1859 473 1904 Ι
496 1843 599 1904 alioqu
612 1860 649 1893 et
662 1857 791 1902 utique
811 1858 839 1892 F
863 1860 889 1892 t.
906 1858 998 1892 alios
1020 1860 1061 1902 (c.
1078 1857 1172 1892 alias
1189 1859 1230 1893 in
1248 1859 1350 1903 mry.)
1377 1857 1502 1903 alioqu
1554 1847 1570 1884 ⁵1

163 1906 200 1938 et
225 1904 317 1948 utiq3
345 1918 372 1948 φ
407 1907 432 1939 t.
460 1905 596 1940 riuales
623 1907 661 1940 et
686 1905 853 1949 alioquin
871 1905 1001 1949 utique
1025 1905 1065 1940 E.
1141 1909 1160 1940 6
1185 1905 1408 1950 primoribus
1434 1905 1501 1947 Foe
1561 1919 1591 1950 1³,

161 1952 206 1994 cf.
236 1955 314 1985 192.
337 1956 381 1985 24
430 1952 615 1996 prioribus
642 1954 664 1986 δ
695 1953 740 1995 cf.
769 1956 822 1987 19.
846 1956 906 1996 273
939 1956 993 1987 54.
1017 1956 1058 1986 19
1204 1956 1222 1986 7
1256 1951 1390 1986 corulis
1421 1953 1499 1987 cdd.

163 2001 183 2032 8
209 1998 379 2032 remulsis
394 1999 457 2044 Fq)
486 1999 649 2034 remissis
670 2000 724 2044 dg
791 2003 810 2033 9
837 1999 954 2034 asceis
969 2000 1101 2043 Luetj„
1117 1999 1234 2034 Krow.
1261 1998 1374 2033 asteis
1388 1999 1501 2043 F1q23

162 2044 274 2079 costis
301 2045 394 2080 F2E.
479 2050 521 2080 10
548 2045 807 2081 commorsicat
831 2048 909 2082 cdd.
943 2046 1195 2081 commorsitat
1219 2046 1259 2080 E.
1336 2050 1378 2080 12
1403 2045 1501 2090 proi-

161 2091 286 2126 ciebat
310 2094 438 2137 scripsz'
462 2095 507 2137 cf.
525 2098 602 2128 104.
618 2098 637 2127 2
663 2093 879 2138 porrigebat
905 2095 982 2129 cdd.
1062 2097 1103 2127 13
1129 2104 1261 2138 parcus
1288 2093 1315 2126 F
1342 2094 1396 2138 (in
1414 2094 1501 2136 ras.)

233 2147 248 2164 C

160 2179 288 2219 partus
315 2188 342 2218 φ
418 2178 462 2208 ‘20
489 2175 634 2222 <prae>
661 2177 800 2211 inserui
825 2177 960 2220 cfi163.
978 2179 1009 2219 7,
1026 2179 1068 2209 10
1142 2174 1312 2209 omnibus
1327 2173 1501 2220 (modis)

164 2221 254 2257 Oud.
276 2221 447 2255 omnibus
459 2222 610 2266 quidem
620 2233 711 2267 puer
725 2224 778 2267 &g
827 2227 871 2257 22
892 2222 1139 2257 conti-ineram
1149 2223 1280 2266 scripsi
1293 2221 1500 2256 contribam

160 2268 224 2312 Ὲφ
251 2270 295 2312 cf.
313 2272 368 2303 58.
386 2272 428 2303 19
504 2273 546 2303 23
573 2269 715 2314 prolixe
735 2271 864 2313 Lu.cf.
880 2273 933 2304 57.
951 2274 994 2304 14
1024 2268 1187 2314 percliue
1207 2269 1271 2313 qu
1303 2278 1456 2313 persepe
1477 2268 1500 2302 ὃ

160 2326 315 2360 prosepe
341 2328 366 2361 g
463 2320 506 2350 24
533 2316 802 2364 <uapulando>
829 2318 977 2360 inserui,
999 2321 1081 2361 post
1110 2315 1215 2351 dolor
1239 2317 1454 2361 imterpwnxi
