1591 2556
143 94 163 131 1
173 91 226 131 70
691 91 821 125 LIBRI
845 91 931 125 VIII

134 187 362 242 parricidio
395 187 565 241 nuptias
598 187 818 241 auspicari.
851 187 1027 228 uulnera
1058 187 1143 241 illa⁷
1175 201 1355 241 quorum
1387 202 1477 228 san-

137 247 309 302 guinem
341 249 437 288 tuae
469 246 667 287 lacrimae
698 246 965 300 promerunt,
998 260 1082 287 non
1115 248 1214 287 sunt
1250 249 1342 287 tota
1382 246 1477 288 den-

134 305 243 347 tium
281 305 474 347 uulnera:
514 305 624 359 [sed]
663 305 809 346 lancea
846 305 947 346 mali
981 305 1037 359 [p.
1056 304 1232 359 140.E.]
1265 304 1478 359 Thrasylli

135 380 202 406 me
246 365 326 405 tibi
368 364 470 405 fecit
514 364 714 405 alienum’
756 367 798 405 et
841 364 1003 405 addidit
1047 367 1184 405 cetera
1227 378 1477 419 omnemque

135 439 329 465 scaenam
362 423 532 464 sceleris
563 423 802 464 inluminat.

222 481 360 523 VIIII.
411 482 470 523 At
509 482 582 522 illa
618 485 666 523 ut
704 483 889 537 primum
928 484 1089 523 maesta
1127 482 1347 536 quieuerat
1383 484 1476 523 toro

129 543 281 596 faelem
318 543 518 594 'impressa
562 541 690 582 etiam
727 556 840 582 nunc
885 541 1097 582 dormiens
1139 541 1326 582 lacrimis
1370 555 1477 582 ema-

132 601 334 642 nantibus
374 614 502 655 genas
541 600 786 641 cohumidat
819 603 860 641 et
897 600 1016 641 uelut
1053 600 1228 653 quodam
1266 603 1477 641 tormento

132 661 316 712 ‘inquieta
359 660 484 712 quieti
526 672 710 713 excussa,
759 659 877 700 luctu
926 659 1215 714 redintegrato
1265 659 1478 713 prolixum

132 719 295 760 heiulat
322 718 581 772 discissaque
607 718 792 759 interula
817 719 967 760 decora
992 718 1166 759 brachia
1191 718 1478 759 saeuientibus

133 777 333 832 palmulis
366 777 653 819 conuerberat.
694 793 771 819 nec
802 781 944 819 tamen
977 792 1072 818 cum
1105 792 1319 831 quoquam
1350 777 1479 831 parti-

134 837 286 891 cipatis
318 837 538 878 nocturnis
564 836 823 891 imaginibus
851 837 924 878 sed
949 837 1105 878 indicio
1131 836 1331 877 facinoris
1363 851 1478 890 pror-

133 911 205 937 sus
236 895 501 937 dissimulato
529 898 570 936 et
602 896 910 950 nequissimum
937 910 1228 950 percussorem
1260 895 1410 950 punire
1438 898 1480 937 et
1538 899 1539 903 ’

132 955 412 996 aerumnabili
445 955 558 996 uitae
585 969 676 996 sese
702 955 951 996 subtrahere
983 955 1113 996 tacita
1144 955 1342 996 decernit.
1384 969 1478 996 ecce

130 1029 278 1055 rursus
311 1014 575 1068 improuidae
600 1013 836 1068 uoluptatis
870 1014 1134 1055 detestabilis
1165 1014 1324 1067 petitor
1355 1028 1478 1055 aures

131 1073 348 1114 obseratas
387 1072 436 1114 de
480 1073 642 1126 nuptiis
682 1073 920 1114 obtundens
960 1073 1115 1113 aderat.
1172 1072 1245 1113 sed
1288 1072 1362 1113 illa
1400 1072 1477 1114 cle-

130 1135 296 1173 menter
339 1134 562 1185 aspernata
606 1146 844 1173 sermonem
888 1131 1119 1186 Thrasylli·
1147 1134 1326 1186 astuque
1370 1132 1478 1173 miro

129 1194 356 1246 personata
387 1191 596 1231 instanter
628 1191 832 1245 garrienti
865 1191 1173 1244 summisseque
1207 1190 1450 1244 deprecanti

221 1249 406 1290 ‘Adhuc’
439 1250 579 1304 inquit
611 1250 690 1291 etui
715 1250 860 1291 fratris
892 1250 1060 1304 meique
1094 1249 1303 1290 carissimi
1333 1250 1479 1291 mariti

129 1309 259 1350 facies
302 1308 480 1363 pulchra
523 1309 596 1350 illa
634 1309 677 1350 in
721 1309 827 1350 meis
866 1309 1114 1350 deuersatur
1151 1308 1304 1363 oculis,
1342 1308 1478 1351 adhuc

131 1369 235 1410 odor
267 1368 511 1409 cinnameus
538 1368 748 1410 ambrosei
775 1369 964 1422 corporis
996 1383 1072 1422 per
1098 1382 1219 1409 nares
1246 1383 1361 1409 meas
1386 1383 1477 1422 per-

131 1428 281 1481 currit,
333 1427 470 1468 adhuc
518 1427 761 1468 formonsus
812 1427 1082 1481 Tlepolemus
1132 1427 1176 1467 in
1225 1441 1319 1468 meo
1369 1427 1480 1468 uiuit

130 1489 312 1541 pectore.
363 1486 461 1527 boni
496 1500 597 1541 ergo
630 1489 672 1527 et
704 1487 856 1541 optimi
888 1486 1101 1541 consules,
1131 1486 1168 1527 si
1206 1485 1339 1527 luctui
1376 1486 1478 1541 legi-

282 1587 321 1604 au

228 1618 244 1648 1
280 1613 462 1659 suspicari
489 1627 516 1658 φ
603 1619 622 1647 2
649 1615 713 1648 tue
740 1615 762 1647 δ
796 1624 884 1649 ...6
910 1613 938 1647 F
971 1613 1063 1648 —he
1091 1628 1118 1658 φ
1213 1618 1232 1647 3
1261 1614 1357 1660 [sed]
1383 1614 1478 1658 quod
1546 1599 1547 1602 Ἴ

128 1663 278 1707 praebet
291 1675 319 1706 φ
334 1663 461 1704 deleui,
477 1663 563 1706 quia
583 1663 623 1696 in
637 1661 665 1695 F
683 1662 844 1706 spatium
862 1673 1021 1696 uacuum
1036 1666 1119 1706 post
1138 1661 1225 1706 uulj.
1237 1690 1261 1696 ..
1288 1662 1352 1696 hoc
1370 1672 1477 1696 uoca-

135 1710 258 1743 bulum
283 1720 357 1744 non
383 1710 482 1753 capit
561 1713 583 1743 4
609 1710 646 1743 et
673 1708 763 1742 addi
788 1710 828 1743 m
854 1723 881 1752 φ
907 1720 972 1744 ser.
994 1720 1038 1743 m
1059 1721 1089 1743 r.
1109 1710 1150 1743 in
1170 1709 1236 1743 Zac.
1346 1737 1352 1743 .
1369 1707 1426 1742 dit
1450 1707 1478 1741 F

133 1760 153 1790 5
180 1755 391 1791 inluminat.
419 1757 469 1790 At
495 1769 522 1800 φ
556 1758 645 1800 (nat.
673 1756 723 1790 At
748 1768 792 1791 m.
813 1768 842 1791 r.
864 1758 904 1790 in
924 1757 1006 1799 lae.)
1051 1755 1091 1789 in
1115 1755 1207 1789 lumi
1223 1784 1324 1790 .....
1352 1755 1380 1789 F
1423 1754 1479 1789 in-

130 1803 292 1837 luminat
318 1803 492 1851 <uxori>.
530 1803 633 1837 Tunc
654 1803 742 1838 Keil
821 1807 839 1837 7
867 1802 1004 1837 faciem
1029 1802 1209 1847 impressa
1236 1816 1263 1847 φ
1298 1802 1478 1847 impressa

132 1850 226 1885 facie
260 1851 363 1894 Keil,
389 1851 429 1885 E.
463 1852 590 1885 desunt
622 1851 662 1885 in
693 1850 721 1884 F
866 1850 981 1885 etiam
1017 1850 1130 1896 nunc]
1165 1849 1288 1885 ..iam
1321 1860 1418 1884 nunc
1450 1849 1478 1883 F

129 1909 228 1932 nunc
254 1912 281 1942 φ
399 1901 464 1932 7.8
498 1897 760 1932 emanantibus
792 1908 907 1942 genas
941 1897 1160 1931 cohumidat
1186 1918 1231 1922 —
1257 1910 1285 1941 φ
1319 1899 1477 1942 (praeter

131 1956 214 1979 ema
240 1947 362 1979 omnia
387 1957 452 1980 ser.
479 1957 524 1979 m.
545 1958 573 1980 r.
601 1947 641 1979 in
667 1946 749 1989 lae.)
776 1956 858 1979 ema
875 1973 1024 1980 .......
1039 1944 1147 1978 nidat
1172 1944 1200 1978 F
1237 1944 1390 1978 decoras
1415 1955 1476 1988 ge-

129 2003 197 2026 nas
224 1992 263 2026 E.
300 2003 415 2037 genas
442 1992 602 2026 inundat
629 1992 715 2026 Keil
795 1996 825 2026 8.
843 1995 862 2025 9
889 1990 971 2036 qda'
999 1993 1138 2026 torffito
1164 1991 1334 2035 inquieta
1360 1990 1476 2035 quiet-i

130 2050 285 2073 excussa
317 2039 420 2073 luctu
453 2053 480 2083 φ
516 2041 676 2085 (praeter
702 2037 784 2083 qda’
813 2041 926 2083 torni⁷
960 2040 1081 2073 onmia
1112 2050 1178 2073 scr.
1205 2050 1248 2073 m.
1276 2051 1304 2074 r.
1331 2039 1372 2073 in
1397 2040 1474 2082 lac.)

130 2087 231 2130 qdda
256 2088 353 2120 tor-u]
370 2114 539 2121 ........
558 2087 608 2121 ¹tu
635 2086 662 2120 F
689 2087 733 2129 ef.
751 2089 907 2129 181.13;
929 2090 1008 2121 205.
1025 2090 1068 2120 22
1102 2086 1291 2130 quoddam
1315 2087 1473 2120 tormen-

130 2135 211 2168 tum
243 2133 408 2168 subitum
442 2133 588 2178 patiens
616 2134 714 2177 Keil,
738 2133 779 2168 E.
899 2137 940 2167 10
967 2133 1112 2168 heiulat
1136 2134 1266 2177 scripsi
1307 2132 1380 2167 heu
1405 2132 1473 2167 heu

132 2180 250 2215 eiulat
283 2194 310 2224 φ
350 2180 435 2224 (heu
467 2180 585 2215 eiulat
616 2193 660 2215 m.
687 2193 716 2215 r.
743 2182 783 2215 in
811 2182 891 2226 Zac.)
941 2180 1043 2215 heiul
1058 2209 1158 2215 .....
1192 2179 1219 2213 F
1269 2179 1473 2214 heiulatum

131 2228 257 2262 fundit
284 2228 381 2271 Keil,
406 2228 447 2262 E.
546 2227 776 2271 discissaque
809 2227 972 2262 interula
999 2228 1133 2262 decora
1158 2227 1314 2262 brachia
1341 2241 1368 2272 φ
1395 2229 1471 2273 (scr.

131 2287 175 2310 m.
202 2287 231 2310 r.
259 2277 299 2310 in
325 2276 405 2320 lae.)
440 2303 538 2311 .....
554 2275 591 2309 la
618 2274 867 2309 decorabchia
892 2274 919 2308 F
997 2278 1040 2308 15
1067 2274 1274 2319 improuide
1295 2275 1472 2310 Rossbach

132 2322 382 2367 imperoruide
409 2322 436 2356 F
464 2324 538 2367 (sed
564 2323 764 2367 inductum)
803 2322 1050 2367 impetor-uide
1077 2335 1105 2366 φ

1498 1024 1591 1052 15:

1497 1321 1537 1346 20'
1577 1323 1580 1337 ¹
