1591 2556
562 77 662 112 OAP.
689 76 940 112 XVI—XVIII
1339 79 1421 120 155

82 174 179 216 simi
216 175 327 215 facto
365 173 588 226 foramine,
626 173 756 214 immo
793 173 917 214 fouea
955 174 1023 214 uel
1062 175 1187 215 etiam
1226 176 1421 230 fenestra,

31 232 34 286 f
80 233 222 274 nullus
255 236 396 274 tamen
428 233 645 273 desinebat
677 231 905 273 identidem
931 232 1086 274 uulnus
1117 235 1321 288 sanguine
1354 235 1420 276 de-

30 314 32 325 »
80 292 263 333 libutum
297 292 540 333 obtundere.
571 291 785 346 lignorum
817 305 917 331 uero
950 294 1068 332 tanto
1101 307 1167 333 me
1200 294 1419 346 premebat

29 362 30 369 ¹
79 351 275 405 pondere,
300 354 348 391 ut
372 351 549 391 fascium
581 350 735 391 molem
769 349 1004 404 elephanto,
1036 365 1119 391 non
1153 351 1271 392 asino
1304 367 1419 405 para-

14 427 61 458 ῚῚ5
80 413 167 451 tam
198 412 380 463 putares.
419 409 490 450 ille
516 423 616 450 uero
644 409 770 449 etiam
798 409 993 462 quotiens
1026 410 1069 450 in
1096 409 1276 451 alterum
1308 411 1419 452 latus

26 480 27 501 1
78 469 416 523 praeponderans
455 468 683 509 declinarat
721 467 902 522 sarcina,
934 483 1028 509 cum
1068 468 1236 510 deberet
1277 470 1419 523 potius

80 528 296 582 granantis
346 527 490 568 ruinae
539 528 672 568 fustes
718 527 882 567 demere
927 530 968 568 et
1016 527 1158 568 leuata
1204 528 1421 582 paulisper

22 591 24 629 J
78 601 276 640 pressura
306 601 453 627 sanare
484 601 569 640 me,
600 586 670 627 uel
701 588 812 627 certe
844 586 888 626 in
919 585 1099 627 alterum
1140 587 1251 628 latus
1284 590 1418 628 trans-

20 687 22 692 f
77 645 175 686 latis
207 660 479 700 peraequare,
512 648 674 699 contra,
705 644 917 698 lapidibus
950 645 1104 685 additis
1137 646 1326 700 insuper,
1359 647 1417 687 sic

26 722 60 747 ιο
79 704 346 758 iniquitatem
390 704 588 758 ponderis
631 704 887 745 medebatur.
948 703 1107 745 XVIII.
1157 720 1232 746 nec
1276 708 1418 746 tamen

17 790 19 819 5
77 765 174 817 post
223 765 362 804 tantas
406 778 519 804 meas
564 763 701 804 clades
746 762 956 804 inmodico
999 763 1184 804 sarcinae
1234 764 1417 817 pondere

16 827 18 864 J
78 825 319 875 contentus,
363 837 458 864 cum
508 822 687 863 fluuium
732 822 1141 876 transcenderemuS,
1186 823 1258 877 qui
1308 823 1417 864 forte

14 886 16 908 ³
76 883 243 934 praeter
280 882 392 922 uiam
432 881 658 934 defluebat,
690 881 920 935 peronibus
953 881 1041 922 suis
1080 881 1131 922 ab
1164 897 1295 936 aquae
1333 897 1417 923 ma-

77 939 176 981 dore
197 940 419 981 consulens
446 941 535 994 ipse
561 955 660 994 quo-
682 939 922 994 [p.128.E.]
945 955 1024 994 que
1051 940 1223 994 insuper
1248 941 1416 982 lumbos

27 1015 60 1041 15
80 1013 196 1040 meos
222 999 414 1040 insiliens
440 999 662 1053 residebat,
688 999 888 1053 exiguum
909 999 1070 1040 scilieet
1090 1002 1131 1040 et
1151 1000 1257 1040 illud
1276 1003 1417 1041 tantae

76 1057 200 1098 molis
227 1058 567 1112 superpondium.
617 1073 663 1098 ac
689 1058 811 1111 siquo
839 1072 937 1098 casu
968 1058 1070 1099 limo
1097 1073 1273 1099 caenoso
1300 1059 1416 1113 ripae

76 1116 300 1170 supercilio
345 1116 580 1158 lubricante
619 1117 757 1157 oneris
798 1117 1049 1170 inpatientia
1085 1117 1308 1171 prolapsus
1350 1118 1415 1158 de—

76 1175 266 1229 ruissem,
295 1190 390 1216 cum
417 1176 586 1216 deberet
612 1176 808 1230 egregius
834 1189 961 1230 agaso
988 1191 1160 1216 manum
1185 1177 1414 1231 porrigere,

76 1234 259 1287 capistro
310 1234 581 1288 suspendere,
624 1234 756 1275 cauda
806 1234 1043 1289 subleuare,
1088 1238 1199 1276 certe
1249 1239 1413 1289 partem

22 1309 56 1334 20
75 1293 183 1333 tanti
215 1293 366 1347 oneris,
398 1293 536 1347 quoad
568 1307 829 1347 resurgerem
863 1293 1024 1347 saltem,
1057 1293 1292 1348 detrahere,
1324 1294 1413 1335 nul-

3 1348 4 1361 ³
73 1351 161 1391 lum
195 1351 363 1405 quidem
406 1352 568 1393 defesso
608 1352 715 1392 mihi
752 1352 914 1393 ferebat
945 1352 1168 1407 auxilium,
1206 1353 1277 1394 sed
1310 1354 1413 1394 occi-

72 1410 192 1463 piens
233 1424 257 1450 a
288 1411 423 1464 capite
462 1411 591 1451 immo
624 1425 723 1452 uero
757 1413 798 1452 et
829 1411 933 1464 ipsis
966 1412 1137 1452 auribus
1176 1415 1314 1453 totum
1346 1427 1413 1453 me

73 1468 327 1522 compilabat
378 1469 517 1524 [cidit]
567 1470 671 1510 fusti
717 1470 1015 1524 grandissimo,
1060 1471 1190 1511 donec
1234 1471 1411 1512 fomenti

72 1527 163 1568 uice
207 1527 321 1581 ipsae
358 1543 425 1569 me
469 1528 618 1583 plagae
660 1528 923 1570 suscitarent.
980 1529 1090 1570 idem
1134 1529 1240 1570 mihi
1284 1530 1412 1571 talem

20 1602 54 1628 25
74 1586 201 1627 etiam
221 1587 480 1641 excogitauit
499 1587 740 1641 perniciem.
773 1588 915 1642 spinas
936 1602 1173 1629 acerrumas
1192 1592 1233 1629 et
1252 1592 1411 1643 punctu

72 1647 278 1686 uenenato
321 1646 501 1687 uiriosas
546 1647 589 1687 in
633 1646 789 1687 fascem
827 1646 962 1687 tortili
1006 1648 1116 1688 nodo
1161 1648 1412 1689 constrictas

72 1703 226 1745 caudae
258 1719 373 1746 meae
414 1705 620 1759 pensilem
653 1705 856 1760 deligauit
888 1706 1133 1760 cruciatum,
1165 1710 1213 1747 ut
1245 1707 1411 1748 incessu

70 1777 163 1804 meo
196 1766 430 1804 commotae
457 1764 739 1818 incitataeque
770 1764 950 1805 :funestis
978 1765 1133 1806 aculeis
1166 1766 1318 1807 infeste
1344 1781 1410 1806 me

71 1821 432 1863 conuulnerarent.
488 1822 669 1864 XVIIII.
702 1837 802 1878 ergo
834 1824 968 1878 igitur
999 1824 1173 1878 ancipiti
1211 1824 1323 1865 malo
1355 1825 1411 1865 la-

17 1895 52 1922 30
71 1880 281 1938 borabam.
344 1896 440 1922 nam
486 1896 581 1922 611111
624 1897 691 1923 1116
735 1897 859 1923 cursu
903 1883 1195 1937 proripueram
1242 1883 1410 1938 fugiens

141 2022 162 2052 4
175 2019 389 2054 fasciumF²
414 2020 627 2055 farciumF1
653 2006 798 2055 sarciuii
813 2035 840 2065 φ
900 2025 920 2056 9
940 2033 964 2067 p
980 2014 1113 2065 <Tib3F1
1132 2022 1290 2067 pedibus
1303 2022 1411 2067 F26g

74 2068 115 2099 10
146 2065 303 2111 iniqtate
329 2067 410 2111 qu)
455 2067 622 2112 ineqtate
648 2067 694 2101 F2
736 2068 984 2112 inequitatem
1010 2071 1064 2114 §g
1186 2074 1228 2103 15
1262 2069 1409 2115 (haut)

71 2111 245 2157 exiguum
270 2114 346 2149 Pet.
470 2118 512 2148 19
539 2114 701 2159 capistro
728 2126 767 2149 os
794 2117 816 2149 δ
937 2119 980 2149 23
1007 2116 1271 2161 concipulabat
1306 2116 1407 2159 Lz'ps.

70 2160 130 2193 sed
154 2161 198 2203 cf.
225 2172 313 2205 quae
339 2162 467 2206 scripsi
492 2162 537 2196 A.
559 2162 603 2196 L.
625 2162 669 2196 L.
689 2162 750 2196 IX.
770 2166 836 2196 461
865 2167 897 2197 et
922 2164 1023 2206 infra
1050 2167 1186 2198 156.13
1226 2162 1318 2197 cidit
1343 2163 1407 2207 Ρφ

69 2207 199 2241 exelus.
230 2208 343 2253 Beyte
387 2208 520 2243 cedens
554 2210 607 2253 &g
650 2209 774 2244 caedit
805 2209 845 2244 E.
879 2210 924 2252 cf.
958 2210 1047 2246 Luc.
1075 2212 1179 2245 Asin.
1209 2213 1274 2244 599
1314 2210 1409 2245 inter

71 2251 163 2287 cidit
199 2258 231 2289 et
267 2254 357 2289 fusti
395 2256 527 2290 lamma
565 2261 735 2300 quattuor
771 2258 838 2293 litt.
871 2257 912 2291 in
950 2257 1014 2301 Fcp
1158 2261 1202 2291 30
1240 2255 1408 2301 proripu-

70 2309 168 2333 erem
194 2313 221 2344 φ
