1591 2556
549 131 649 166 CAP.
675 131 945 166 XXI—XXIIII
1364 129 1418 171 63

77 231 152 272 uix
183 245 207 271 a
237 229 396 284 lupulis
428 242 632 270 conseruo
663 227 898 282 Thessalis,
934 227 1056 268 hunc
1085 226 1228 268 alitem
1259 226 1420 268 factum

78 289 152 331 ubi
185 303 395 343 quaeram,
425 288 587 340 quando
617 286 808 328 mdebo?

165 346 322 389 XXIII.
356 345 430 387 ‘At
454 345 560 387 mihi
592 345 729 387 scelus
755 345 870 387 istud
902 344 1116 399 depellant
1141 344 1328 386 caelites'
1360 345 1419 386 in-

79 421 205 461 quam
239 407 301 447 ‘ut
333 419 411 460 ego
444 405 639 459 quamuis
671 404 806 459 ipsius
838 404 1004 459 aquilae
1043 403 1239 444 sublimis
1270 403 1419 445 uolati-

42 487 58 512 5
77 467 157 507 bus
182 468 273 507 toto
306 464 420 506 caelo
452 464 625 519 peruius
657 467 700 505 et
725 464 912 518 supremi
938 462 1053 504 Iouis
1080 465 1218 504 certus
1245 463 1419 503 nuntius

78 525 148 566 uel
178 525 314 565 laetus
347 523 531 578 armiger
555 526 697 564 tamen
730 537 814 563 non
847 523 899 563 ad
929 537 1071 563 meum
1103 521 1296 562 nidulum
1322 525 1421 575 post

78 583 196 625 illam
227 583 453 637 pinnarum
487 582 739 637 dignitatem
780 581 959 623 subinde
999 580 1215 622 deuolem!
1272 580 1418 622 adiuro

77 657 153 697 per
185 642 348 683 dulcem
381 642 511 683 istum
538 641 682 696 capilli
713 641 778 682 tui
803 640 1021 694 nodulum‚
1053 654 1136 694 quo
1162 654 1304 681 meum
1330 640 1420 680 uin-

0 752 1 759 *
77 702 179 743 xisti
220 702 439 755 spiritum,
482 716 550 742 me
590 700 750 741 nullam
792 700 919 741 aliam
962 714 1056 740 mea
1097 698 1241 740 Fotidi
1283 699 1420 740 malle.

0 778 1 785 ¹
24 782 59 808 10
76 764 178 802 tunc
198 761 326 802 etiam
346 758 461 801 istud
480 760 586 801 meis
607 759 939 814 cogitationibus
960 758 1155 812 occurrit,
1175 773 1269 799 cum
1291 758 1422 799 semel

78 834 199 861 auem
218 819 346 861 talem
366 821 597 873 perunctus
617 819 804 871 induero,
837 818 987 859 domus
1014 818 1152 858 omnis
1178 817 1327 871 procul
1351 832 1418 858 me

77 879 212 921 uitare
251 879 412 920 debere.
475 893 601 932 quam
639 878 816 932 pulchro
861 877 973 919 enim
1015 891 1226 931 quamque
1263 876 1419 917 festiuo

77 941 294 979 matronae
314 938 586 992 perfruentur
612 940 799 978 amatore
824 936 1011 977 bubone!
1054 936 1155 990 quid
1176 935 1289 990 quod
1316 935 1419 976 istas

77 1000 305 1039 nocturnas
349 1011 449 1038 aues
493 1011 588 1037 cum
632 995 950 1050 penetrauerint
992 995 1124 1036 larem
1166 995 1420 1049 quempiam,

24 1077 58 1102 15
78 1057 259 1098 sollicite
291 1056 520 1110 prehensas
551 1056 716 1097 foribus
747 1055 942 1096 uidemus
969 1054 1098 1108 adfigi
1123 1057 1184 1108 ut,
1216 1054 1329 1108 quod
1360 1054 1420 1094 in-

77 1116 228 1156 faustis
259 1115 474 1157 uolatibus
505 1115 691 1156 familiae
723 1115 940 1155 minantur
965 1113 1155 1167 exitium,
1187 1113 1275 1153 suis
1300 1113 1421 1154 luant

78 1174 345 1216 cruciatibus.
407 1174 479 1215 sed
512 1174 625 1227 quod
656 1173 862 1214 sciscitari
894 1187 1025 1226 paene
1056 1172 1303 1226 praeteriui‚
1336 1186 1419 1226 quo

78 1234 191 1275 dicto
229 1233 397 1274 factoue
431 1247 601 1273 rursum
645 1232 785 1273 exutis
826 1231 1014 1286 pinnulis
1058 1230 1143 1271 illis
1188 1231 1239 1271 ad
1280 1245 1420 1272 meum

77 1292 222 1334 redibo
253 1292 478 1333 Lucium?’

24 1371 58 1396 20
167 1351 301 1392 ‘Bono
334 1351 475 1392 animo
508 1365 552 1392 es
584 1350 697 1405 quod
730 1350 781 1391 ad
812 1350 939 1390 huius
965 1349 1025 1390 rei
1052 1363 1195 1390 curam
1221 1349 1420 1403 pertinet'

78 1411 147 1451 ait.
206 1411 318 1451 ‘nam
350 1409 457 1451 mihi
489 1409 660 1450 domina
691 1409 859 1463 singula
890 1408 1157 1462 monstrauit,
1190 1423 1296 1462 quae
1327 1422 1420 1462 pos-

77 1473 177 1510 sunt
208 1484 354 1510 rursus
387 1469 430 1510 in
456 1468 585 1510 facies
611 1468 832 1509 hominum
858 1467 964 1508 tales
992 1468 1152 1521 figuras
1179 1466 1420 1508 reformare.

76 1543 152 1570 nec
196 1529 311 1569 istud
354 1528 513 1569 factum
557 1530 680 1581 putes
720 1527 809 1568 ulla
847 1526 1136 1568 beniuolentia
1179 1526 1253 1567 sed
1296 1528 1343 1566 ut
1381 1526 1419 1567 ei

76 1587 268 1629 redeunti
320 1587 483 1628 medela
528 1586 688 1628 salubri
730 1601 899 1640 possem
944 1585 1185 1626 subsistere.
1278 1588 1422 1639 specta

25 1666 58 1692 25
78 1647 256 1701 denique
289 1661 415 1701 quam
440 1646 584 1700 paruis
612 1660 822 1700 quamque
848 1645 1064 1686 futtilibus
1091 1647 1209 1685 161116
1235 1659 1301 1685 165
1326 1659 1420 1698 pro-

78 1709 248 1747 curetur
277 1705 482 1747 herbulis:
516 1705 659 1746 anethi
690 1705 903 1746 modicum
936 1719 1031 1745 cum
1062 1703 1171 1744 lauri
1202 1703 1319 1744 foliis
1346 1704 1420 1744 im-

77 1765 252 1806 mistum
284 1779 377 1805 rore
408 1765 583 1805 fontano
616 1764 740 1805 datur
769 1764 986 1805 lauacrum
1018 1766 1061 1804 et
1091 1762 1319 1817 poculum.'

165 1822 344 1865 XXIIII.
405 1823 521 1864 Haec
562 1823 791 1864 identidem
831 1823 1082 1864 adseuerans
1120 1836 1285 1863 summa
1326 1836 1420 1862 cum

77 1883 359 1937 trepidatione
401 1883 556 1936 inrepit
594 1882 834 1923 cubiculum
879 1885 921 1922 et
963 1881 1163 1936 pyxidem
1208 1880 1420 1934 depromit

27 1959 61 1985 30
78 1942 229 1983 arcula.
272 1956 398 1996 quam
426 1955 503 1996 ego
530 1941 748 1995 amplexus
775 1956 822 1983 ac
849 1941 1117 1982 deosculatus
1143 1940 1261 1994 prius
1287 1942 1420 1994 utque

78 2001 182 2042 mihi
202 2001 415 2054 prosperis
441 2001 604 2041 faueret
629 2000 741 2041 uola-
768 2000 825 2054 [p.
841 2000 991 2054 53.E.]
1018 2000 1133 2040 tibus
1161 1999 1420 2053 deprecatus,

81 2128 132 2163 sic
163 2139 281 2163 meme
314 2142 341 2172 φ
387 2127 511 2162 5166116
542 2138 600 2162 1116
632 2129 654 2161 ὂ
698 2127 750 2162 516
781 2127 1120 2162 inermem—tunc
1152 2126 1281 2161 alitem
1307 2127 1420 2170 Beyte

79 2179 99 2209 2
125 2176 274 2219 quando
300 2175 437 2210 uidebo
463 2176 592 2219 scripsi
634 2174 770 2209 uidebo
797 2175 946 2219 quando
978 2175 1044 2217 qu
1089 2185 1179 2221 qncss
1204 2174 1339 2208 uidebo
1367 2174 1420 2216 &g

80 2226 100 2256 3
127 2223 181 2269 at]
208 2225 273 2257 6111
298 2223 363 2265 qu
408 2234 430 2256 a
455 2233 513 2256 me
540 2221 659 2256 scelus
685 2223 707 2256 δ
804 2227 823 2256 9
850 2222 990 2256 Flotidi
1016 2223 1094 2257 cdd.
1194 2225 1236 2255 10
1268 2220 1419 2254 meis—

81 2269 240 2304 occurrit
263 2271 341 2305 cdd.
386 2269 461 2303 tuis
488 2271 657 2303 occurrat
682 2269 806 2304 Rohde
848 2269 951 2304 istud
964 2280 1009 2304 *ηε
1023 2269 1114 2303 111615
1146 2269 1173 2302 F
1271 2271 1314 2301 25
1346 2266 1418 2300 fut-

79 2315 210 2351 tilibus
223 2317 251 2350 F
324 2320 368 2351 26
387 2316 553 2351 herbulis
569 2317 672 2361 Lips.
687 2317 732 2360 cf.
748 2320 856 2352 553⁰
888 2316 1048 2351 herculis
1064 2317 1141 2352 cdd.
1217 2318 1270 2349 26.
1287 2318 1329 2348 27
1351 2314 1418 2348 im-

80 2363 247 2409 mistum]
274 2363 479 2397 immissum
505 2365 582 2399 edd.
