1539 2556
96 86 164 121 XX
619 87 903 123 PRAEFATIO.

97 188 232 225 hiatus
264 187 325 224 illi
351 187 497 236 expleti
524 190 664 236 essent,
697 188 838 226 statui:
872 188 990 225 duas
1017 187 1233 225 codicum
1265 186 1442 236 Apulei

99 248 280 284 classes
313 258 432 295 esse,
464 247 666 284 alteram
693 259 823 294 uero,
857 258 958 296 quae
985 247 1025 283 in
1051 246 1137 283 loco
1164 246 1356 284 lacunoso
1383 246 1441 284 la-

98 317 246 344 cunosa
272 305 335 356 sit,
368 305 602 355 originem
628 306 803 343 ducere
831 308 913 343 aut
945 318 996 342 ex
1022 305 1052 342 F
1085 308 1193 354 post
1219 305 1444 342 amissam

100 364 376 402 schedulam
408 364 516 402 folii
546 365 645 414 160,
679 367 760 402 aut
787 378 838 401 ex
870 379 899 413 φ
933 367 1189 413 antequam
1216 376 1288 413 ea,
1321 376 1443 413 quae

99 423 256 461 scriba
288 423 334 460 in
361 424 572 472 exemplo
598 423 629 460 F
661 435 750 460 non
782 423 1062 473 inuenerat,
1088 435 1252 460 manus
1279 435 1441 460 recen-

98 482 195 520 tior
225 482 526 520 restitueret.
567 481 645 526 Qui
669 494 765 519 uero
791 482 945 519 codices
971 482 1134 519 lacunas
1159 482 1441 531 impleuerunt,

99 541 161 579 illi
191 542 259 578 uel
284 535 333 590 φ2
365 541 431 577 uel
463 541 637 578 codicem
667 541 784 578 illum
809 552 912 578 nunc
945 540 1197 589 deperditum
1223 553 1269 578 ex
1294 541 1324 578 F
1351 543 1442 579 ante

100 600 381 638 lacerationem
414 599 658 649 descriptum
690 599 774 637 siue
806 599 996 649 uniuersi,
1029 599 1113 636 siue
1139 599 1181 636 in
1211 601 1324 647 parte
1357 600 1443 649 qui-

102 661 190 697 dem
221 660 410 696 lacunosa
444 661 647 696 auctorem
680 658 742 696 sui
774 658 929 708 generis
960 658 1118 695 habent.

191 717 305 762 Quod
330 717 381 754 ad
407 719 579 755 aetatem
605 717 848 755 Doruilliani
875 717 1030 767 attinet,
1057 730 1176 767 quem
1200 720 1292 765 post
1308 717 1443 755 Ruhn-

100 777 290 814 kehnium
323 789 457 814 omnes
484 789 511 814 S.
533 776 630 813 XIII
661 777 901 826 tribuerunt,
934 776 1031 814 mihi
1056 789 1134 814 non
1166 778 1325 814 tantum
1357 789 1444 814 meo

103 836 250 874 iudicio
283 836 368 873 niso
402 835 471 873 sed
499 848 571 873 uso
602 835 791 885 prudenti
817 848 975 885 quoque
1002 835 1164 873 consilio
1197 835 1276 872 uiri
1302 835 1447 873 doctis-

103 895 194 933 simi
226 895 263 932 S.
297 895 343 932 de
373 894 498 944 Vries,
532 894 600 944 qui
631 895 672 931 in
703 894 944 932 bibliotheca
975 894 1352 944 Lugduno-Bataua
1383 907 1446 932 co-

102 954 207 992 dices
233 966 355 991 manu
381 954 548 1003 scriptos
581 955 706 1003 curat,
737 953 872 1002 potius
899 966 928 991 s.
949 953 1021 990 XV
1048 953 1309 1001 assignandus
1336 953 1446 990 uide-

102 1015 180 1050 tur.
215 1012 328 1057 Quod
348 1015 395 1050 ut
416 1013 621 1050 credamus
642 1013 784 1050 suadet
804 1012 964 1050 chartae
984 1024 1248 1062 pergamenae
1269 1012 1446 1050 tenuitas

104 1077 144 1110 et
187 1084 313 1120 genus
357 1074 698 1121 ornamentorum,
744 1071 888 1121 quibus
930 1071 1090 1109 litterae
1133 1071 1309 1108 initiales
1353 1073 1448 1109 sunt

105 1133 278 1169 ornatae.
334 1131 449 1180 Ipsae
482 1133 616 1168 autem
648 1130 821 1168 initiales
854 1130 1036 1168 caeruleo
1074 1130 1279 1179 pigmento
1316 1130 1448 1179 pictae

105 1190 282 1228 inclusae
322 1191 416 1227 sunt
452 1189 634 1239 paruulis
674 1189 774 1226 areis
808 1189 1033 1238 quadratis,
1064 1188 1184 1226 rubro
1217 1189 1346 1227 colore
1385 1188 1450 1227 ob-

105 1249 223 1287 tectis
264 1251 303 1286 et
341 1249 583 1286 ornamentis
622 1248 753 1285 aureis
791 1248 1035 1286 tenuissimis
1073 1247 1198 1285 nitide
1239 1247 1449 1286 distinctis.

107 1308 153 1345 In
186 1307 571 1357 Metamorphosibus
602 1309 739 1345 extant
765 1307 887 1345 etiam
917 1307 1091 1344 initiales
1117 1319 1198 1344 una
1223 1307 1290 1344 uel
1321 1307 1450 1344 altera

110 1379 207 1405 auro
240 1367 281 1404 in
313 1379 404 1404 area
437 1367 620 1404 caerulea
652 1368 856 1415 exaratae,
887 1366 928 1403 in
959 1366 1159 1416 Apologia
1189 1378 1285 1404 uero
1315 1378 1450 1403 omnes

107 1426 259 1464 minore
292 1425 556 1474 amplitudine
582 1427 676 1463 sunt
700 1437 772 1463 nec
802 1437 881 1462 non
909 1425 1074 1462 alternis
1099 1424 1255 1462 uicibus
1286 1437 1383 1462 auro
1409 1425 1451 1462 in

109 1484 212 1522 areis
251 1484 445 1522 caeruleis
481 1485 550 1522 uel
586 1484 717 1521 rubris
755 1484 1011 1532 conscriptae.
1068 1483 1190 1521 Porro
1234 1483 1452 1521 initialium

108 1543 227 1581 lateri
259 1543 418 1592 adpicta
449 1546 543 1580 sunt
582 1543 679 1580 folia
712 1544 751 1580 et
782 1543 952 1587 fructus,
986 1555 1086 1592 quae
1120 1544 1354 1580 ornamenta
1390 1542 1451 1580 in-

109 1603 221 1640 clusa
261 1604 355 1640 sunt
397 1602 529 1651 lineis,
572 1614 673 1651 quae
716 1601 955 1650 quadratum
998 1601 1220 1650 longiorem
1263 1600 1452 1640 efficiunt.

110 1660 441 1711 Comparauimus
474 1662 697 1710 complures
729 1658 851 1698 libros
882 1673 1003 1697 manu
1034 1660 1202 1709 scriptos
1235 1660 1285 1697 ad
1316 1672 1449 1698 saecu-

109 1721 195 1758 lum
215 1720 288 1758 XV
313 1720 569 1769 pertinentes,
597 1721 641 1757 de
663 1732 833 1768 quorum
853 1721 986 1757 aetate
1007 1719 1181 1756 dubitari
1206 1732 1283 1757 non
1307 1719 1451 1768 possit:

112 1791 247 1817 omnes
280 1779 401 1816 simili
425 1779 579 1817 ratione
606 1780 718 1816 erant
750 1779 891 1816 ornati.
933 1777 1127 1816 Constans
1154 1778 1274 1815 etiam
1305 1778 1451 1827 „recla-

110 1833 389 1890 mantium“1),
422 1838 491 1888 qui
518 1838 716 1882 dicuntur,
747 1849 856 1887 usus,
883 1849 1112 1887 quanquam
1137 1849 1186 1874 ne
1207 1849 1230 1874 a
1255 1836 1450 1874 uetustio-

110 1897 221 1935 ribus
254 1897 414 1946 quidem
452 1897 560 1935 libris
591 1897 708 1946 plane
741 1896 894 1934 alienus
927 1899 1003 1946 est,
1035 1898 1168 1934 tamen
1205 1895 1452 1945 frequentior

115 1958 176 1994 est
206 1956 248 1993 in
273 1956 474 1994 codicibus
500 1955 693 2005 sequioris
720 1955 881 1993 aetatis:
914 1955 1019 1992 idem
1044 1967 1138 1992 uero
1164 1955 1206 1992 in
1234 1954 1258 1992 ὃ
1288 1954 1450 1992 obtinet.

202 2015 435 2052 Rossbachii
473 2014 710 2052 liberalitati
747 2016 787 2051 et
829 2013 1130 2052 beneuolentiae
1168 2013 1290 2051 debeo
1332 2014 1451 2051 colla-

112 2073 264 2112 tionem
302 2073 447 2111 codicis
482 2074 806 2121 Guelpherbytam'
833 2085 859 2120 9
891 2070 1119 2124 (Gudianus
1154 2067 1274 2124 172),
1311 2072 1381 2121 qui
1412 2072 1452 2108 in

114 2133 297 2182 catalogo
335 2132 607 2171 Bibliothecae
640 2131 1014 2181 Guelpherbytanae
1052 2132 1209 2169 saeculo
1247 2130 1345 2168 XIII
1381 2130 1452 2168 tri-

114 2191 270 2229 buitur:
314 2191 434 2229 habet
477 2192 646 2229 formam
684 2193 920 2240 quartanam
958 2193 997 2228 et
1039 2190 1211 2239 scriptus
1249 2192 1309 2227 est
1350 2189 1454 2227 binis

212 2317 246 2361 1)
271 2315 316 2352 cf.
337 2315 589 2350 Wattenbach
613 2315 688 2349 Das
704 2315 964 2350 Schriftwesen
982 2314 1034 2348 im
1047 2313 1298 2349 Mittelalter.³
1322 2325 1356 2358 p.
1374 2316 1453 2348 180.
