1591 2556
127 86 184 127 46
709 88 838 123 LIBRI
862 88 896 122 Π

129 182 228 236 81111,
266 185 517 237 conpotores
548 184 649 225 uino
681 185 838 226 madidi
870 199 1039 226 rursum
1077 184 1328 226 cachinnum
1365 184 1469 226 inte-

129 244 265 296 grant.
310 242 494 297 dumque
519 243 663 284 bibere
689 244 816 285 solita
840 243 964 285 Risui
988 243 1219 298 postulant,
1244 243 1305 285 810
1330 243 1383 284 ad
1401 259 1468 285 me

126 300 376 354 Byrrhaena

218 359 461 401 ‘Solemnis'
498 361 639 415 inquit
677 362 781 403 ‘dies
826 376 849 402 a
885 362 1035 416 primis
1078 361 1299 403 cunabulis
1341 360 1469 402 huius

127 418 245 460 urbis
277 420 471 460 conditus
503 420 713 461 crastinus
745 420 934 475 aduenit,
971 435 1054 475 quo
1093 420 1159 462 die
1198 420 1278 462 soli
1314 422 1467 461 morta-

126 477 232 518 lium
259 479 575 519 sanctissimum
603 479 660 533 [p.
675 479 826 533 38.E.]
859 479 983 520 deum
1002 479 1154 521 Risum
1179 479 1315 521 hilaro
1343 481 1468 533 atque

127 537 313 592 gaudiali
344 537 429 578 ritu
461 538 755 591 propitiamus.
816 538 929 579 hune
966 541 1041 579 tua
1076 539 1315 592 praesentia
1345 538 1468 579 nobis

126 596 285 637 efficies
324 596 564 650 gratiorem.
636 600 762 651 atque
799 598 963 638 utinam
1005 597 1166 652 aliquid
1206 597 1255 638 de
1295 597 1468 651 proprio

124 655 268 709 lepore
304 655 536 696 laetificum
576 656 822 697 honorando
867 656 943 698 deo
989 656 1340 711 comminiscaris‚
1384 669 1468 711 quo

125 714 263 769 magis
294 714 545 769 pleniusque
576 718 695 756 tanto
726 715 892 756 numini
921 715 1122 757 litemus?

214 773 359 814 ‘Bene'
390 774 564 828 inquam
590 774 648 816 ‘et
672 775 747 816 fiet
771 777 820 815 ut
844 775 975 816 iubes.
1031 778 1074 816 et
1098 773 1251 816 uellem
1276 773 1469 816 hercules

124 832 347 874 materiam
385 833 598 887 repperire
631 833 830 888 aliquam,
861 848 987 888 quam
1026 834 1128 875 deus
1162 835 1307 874 tantus
1351 833 1470 874 afflu-

125 895 245 933 enter
263 892 485 933 indueret.⁵
528 895 627 946 post
644 893 748 934 haec
767 894 933 934 monitu
953 893 1103 934 famuli
1123 893 1218 946 11101,
1239 892 1311 946 qui
1330 892 1468 933 11οο118

125 951 390 1006 admonebat,
421 952 505 992 iam
538 955 580 993 et
611 953 702 1006 ipse
734 952 906 1006 crapula
937 952 1147 993 distentus
1179 951 1375 1005 protinus
1400 966 1467 993 ex-

124 1024 253 1066 surgo
279 1013 323 1052 et
348 1011 560 1064 appellata
583 1025 761 1065 propere
780 1011 1028 1064 Byrrhaena
1045 1011 1259 1052 titubante
1285 1010 1467 1065 uestigio

125 1069 431 1111 domuitionem
463 1085 648 1124 capesso.

211 1127 389 1169 XXXII.
453 1128 535 1170 Sed
585 1144 681 1170 cum
737 1129 918 1183 primam
973 1129 1157 1183 plateam
1213 1128 1469 1182 muamus,

123 1190 252 1229 uento
284 1188 505 1242 repentino
536 1187 681 1229 lumen
714 1203 797 1242 quo
829 1188 1070 1229 nitebamur
1101 1187 1384 1242 extinguitur,
1420 1189 1469 1227 ut

123 1247 198 1288 uix
235 1247 482 1301 inprouidae
520 1248 658 1288 noctis
697 1247 877 1302 caligine
914 1247 1095 1300 liberati,
1124 1247 1269 1302 digitis
1311 1245 1468 1300 pedum

124 1306 315 1347 detunsis
330 1306 383 1347 ob
403 1305 578 1361 lapides,
595 1306 831 1360 hospitium
846 1306 1000 1347 defessi
1018 1306 1262 1348 rediremus.
1284 1305 1467 1359 dumque

122 1366 207 1406 iam
239 1366 418 1407 iunctim
449 1366 752 1419 proximamus,
784 1380 877 1407 0000
908 1368 994 1407 tres
1027 1365 1198 1420 quidam
1230 1365 1394 1419 uegetis
1426 1366 1469 1404 et

123 1424 305 1465 uastulis
343 1425 590 1478 corporibus
627 1425 740 1465 fores
780 1427 948 1466 nostras
989 1440 1040 1466 ex
1081 1424 1258 1465 summis
1301 1422 1466 1464 uiribus

122 1484 339 1525 inruentes
384 1498 431 1524 ac
474 1499 525 1525 ne
567 1484 806 1538 praesentia
849 1484 1019 1537 quidem
1061 1485 1205 1524 nostra
1248 1481 1466 1523 tantillum

123 1543 355 1597 conterriti,
386 1542 460 1583 sed
490 1543 627 1597 magis
659 1558 755 1584 cum
788 1543 1069 1584 aemulatione
1095 1542 1251 1583 uirium
1277 1540 1466 1582 crebrius

121 1601 387 1656 insultantes,
418 1605 467 1642 ut
491 1602 614 1642 nobis
641 1617 689 1643 ac
713 1601 819 1642 mihi
844 1602 1115 1655 potissimum
1141 1615 1226 1642 non
1252 1599 1464 1641 immerito

119 1661 305 1702 latrones
338 1675 428 1702 esse
460 1663 503 1701 et
535 1661 705 1715 quidem
737 1661 975 1702 saeuissimi
1005 1661 1261 1702 uiderentur.
1318 1659 1464 1700 statim

121 1720 300 1774 denique
332 1719 541 1775 gladium,
579 1735 705 1774 quem
743 1723 861 1761 ueste
898 1735 991 1761 mea
1023 1722 1262 1761 contectum
1302 1718 1355 1759 ad
1384 1717 1464 1759 hos

120 1793 222 1820 usus
255 1779 500 1833 extuleram,
533 1779 627 1820 sinu
659 1779 885 1820 liberatum
918 1779 1098 1833 adripio‚
1134 1793 1211 1819 nec
1242 1779 1463 1819 cunctatus

120 1839 281 1879 medios
321 1838 508 1879 latrones
553 1838 749 1880 inuolans
789 1838 987 1893 singulis⁷
1030 1841 1078 1879 ut
1116 1851 1325 1892 quemque
1369 1850 1463 1877 con-

215 1946 234 1976 2
272 1942 401 1977 bibere
440 1942 551 1977 solita
588 1942 694 1977 Risui
733 1943 834 1987 Lz'ps.
878 1943 1007 1977 bibere
1039 1941 1226 1976 solitarias
1257 1940 1357 1985 qug
1393 1939 1463 1985 (bi-

118 1989 225 2024 beres
257 1990 347 2034 F2g)
385 1991 427 2024 in
461 1992 483 2024 ὃ
519 1992 632 2025 uerba
668 1991 763 2024 inter
794 1990 1015 2024 cachinnum
1045 1994 1078 2024 et
1113 1987 1308 2033 postulant
1344 1988 1460 2022 omiss.

120 2041 164 2071 13
196 2037 368 2071 inbueret
400 2038 531 2082 Haupt
635 2041 678 2071 14
709 2037 910 2072 amonebat
941 2037 990 2079 φ1
1094 2039 1206 2070 14.15
1239 2037 1400 2078 exsurgo
1433 2047 1462 2078 φ

120 2088 163 2118 15
189 2095 363 2129 prospere
396 2086 474 2119 cdd.
574 2088 617 2118 17
649 2084 861 2118 inuadimus
893 2085 1022 2128 scripsi
1051 2083 1096 2126 cf.
1125 2086 1262 2116 174.16
1288 2087 1321 2117 et
1346 2085 1401 2116 39.
1417 2085 1462 2115 20

120 2136 162 2166 19
189 2131 340 2166 liberati
365 2133 434 2166 uim
457 2133 637 2167 sincerum
661 2132 706 2174 cf.
736 2135 884 2175 17123,
910 2143 1014 2166 num:
1039 2129 1260 2174 illaqueati?
1286 2130 1462 2173 superata

117 2179 208 2214 Bsn.
235 2178 377 2213 turbati
399 2179 503 2213 Corn.
601 2183 643 2212 21
671 2179 815 2222 uegetis
835 2180 925 2213 Bsn.
958 2179 1108 2223 uegetes
1129 2177 1206 2212 edd.
1240 2177 1393 2221 uegetos
1419 2175 1460 2210 E.

120 2230 163 2260 22
190 2227 249 2272 ex]
283 2228 319 2260 et
351 2226 442 2270 ng
474 2238 538 2260 om.
567 2239 594 2269 φ
710 2230 754 2259 24
783 2226 951 2270 magis**
976 2225 1005 2259 F
1047 2223 1202 2269 magisq’
1232 2224 1281 2265 φῙ
1323 2222 1460 2267 magis-

118 2271 271 2318 magisq'
302 2273 352 2315 <12²³
428 2277 471 2307 29
497 2273 669 2307 inuolans
695 2275 826 2318 scripsi
856 2273 982 2307 inuolo
1010 2283 1052 2307 ac
1078 2272 1138 2316 Fg
1169 2271 1308 2305 inuado
1335 2281 1378 2305 ac
1399 2270 1461 2313 φδ

120 2320 276 2366 singulis
302 2320 367 2365 Fcp
395 2322 449 2366 (ιή
474 2320 501 2354 F
527 2320 559 2354 is
585 2322 627 2355 in
649 2321 736 2365 ras.)

1489 734 1522 758 10

1489 1023 1579 1053 15²

1487 1323 1522 1348 20

1484 1616 1519 1642 25
