1591 2556
558 68 658 103 CAP.
685 68 1014 103 XXVIIII—XXX.
1371 68 1454 108 277

118 164 236 204 uisus
281 167 362 219 est,
401 179 526 218 quam
566 179 678 205 nunc
721 164 1014 205 incunctanter
1055 163 1241 218 gloriosa
1281 164 1323 204 in
1365 164 1458 205 foro

118 223 333 264 redderem
378 223 613 277 patrocinia
665 237 741 263 nec
791 223 1109 263 extimescerem
1159 222 1459 264 maliuolorum

119 282 506 335 disseminationes‚
557 296 660 335 quas
718 281 956 322 studiorum
1006 296 1197 322 meorum
1247 281 1460 322 laboriosa

120 341 309 381 doctrina
340 340 400 381 ibi
427 340 672 382 demerebat.
725 355 772 382 ac
802 355 855 381 ne
885 340 1015 381 sacris
1048 340 1136 381 suis
1168 341 1287 395 gregi
1320 344 1459 381 cetero

15 451 21 456 .
83 416 98 440 5
118 399 354 453 permixtus
394 399 668 453 deseruirem,
700 400 743 440 in
783 399 1009 454 collegium
1048 414 1115 441 me
1152 399 1460 453 pastophorum

119 472 309 512 suorum,
341 458 470 499 immo
509 459 619 499 inter
656 459 771 513 ipsos
810 458 1086 500 decurionum
1126 458 1461 513 quinquennales

119 517 287 571 adlegit.
338 532 484 558 rursus
526 518 706 572 denique
748 532 912 571 quaqua
953 532 1050 559 raso
1092 517 1244 571 capillo
1290 517 1459 572 collegii

117 576 399 617 uetustissimi
445 580 487 617 et
530 577 608 618 sub
658 577 744 617 illis
791 575 932 618 Sullae
982 577 1246 630 temporibus
1294 577 1455 618 conditi

116 635 262 676 munia
302 649 386 676 non
425 636 677 677 obumbrato
716 635 784 676 uel
823 636 992 676 obtecto
1032 635 1203 677 caluitio
1246 636 1319 677 sed
1361 650 1460 690 quo-

66 710 100 734 10
120 708 356 748 quouersus
390 695 517 735 obuio
551 695 739 749 gaudens
773 695 952 736 obibam.

213 849 230 878 1
258 844 334 879 iam
357 856 453 879 nunc
481 846 578 880 Prie.
664 846 744 880 faro
770 846 852 890 Fqst
942 850 961 880 2
988 845 1251 880 maliuolorum
1277 859 1303 890 φ
1343 846 1458 880 male-

116 891 286 926 uolorum
316 891 345 925 F
442 897 461 926 4
499 893 714 928 demerebat
746 895 875 938 scripsi
919 893 1157 928 deseruiebat
1188 894 1267 929 edd.
1313 892 1458 927 differe-

116 939 184 973 bat
213 939 302 974 Oud.
403 943 420 973 7
454 951 604 984 quaqua
628 951 712 974 raso
743 941 832 976 Oud.
872 952 945 984 qua
971 952 1054 975 raro
1080 942 1158 976 cdd.
1257 941 1390 974 abraso
1416 941 1457 975 E.

116 990 136 1020 8
163 985 239 1020 illis
266 987 344 1022 cdd.
384 987 487 1021 illius
514 988 649 1023 Rohde.
