1591 2556
145 97 229 139 256
715 95 843 130 LIBRI
867 95 917 130 XI

144 208 272 235 manu
316 193 490 235 dextera
532 192 658 234 sistro
705 191 999 234 cohaerentem
1050 191 1235 247 gestabit
1278 205 1489 233 coronam.

144 254 439 295 incunctanter
458 265 558 307 ergo
586 251 758 293 dimotis
779 251 956 292 turbelis
976 250 1112 292 alacer
1131 250 1348 292 continare
1372 265 1488 304 pom·

145 327 242 367 pam
274 327 413 353 meam
450 311 596 364 <mea>
632 310 820 352 uolentia
856 310 990 351 fretus
1022 312 1065 351 et
1096 310 1146 351 de
1182 309 1377 364 proximo
1410 309 1489 351 cle-

146 374 311 413 menter
341 370 461 412 uelut
491 384 664 410 manum
695 369 924 411 sacerdotis
951 368 1263 410 osculabundus
1288 368 1397 410 rosis
1422 368 1489 410 de-

146 430 302 484 cerptis
334 429 542 484 pessimae
573 428 762 483 mihique
795 428 1014 469 destabilis
1046 428 1131 468 iam
1156 427 1316 468 dudum
1340 427 1489 469 beluae
1525 443 1542 470 5

146 490 271 531 istius
311 489 425 530 corio
466 491 507 529 te
547 488 742 542 protinus
783 502 899 528 exue.
967 501 1044 528 nec
1084 487 1311 541 quicquam
1348 501 1489 528 rerum

146 563 289 591 earum
333 547 581 589 reformides
624 550 672 587 ut
716 547 905 587 arduum.
966 560 1065 586 nam
1101 544 1183 586 hoc
1219 545 1366 587 eodem
1403 559 1490 586 mo-

146 610 290 648 mento
323 621 406 660 quo
440 606 519 647 tibi
550 606 675 647 uenio
708 605 836 647 simul
862 608 903 646 et
929 605 1009 646 tibi
1034 619 1232 658 praesens
1259 618 1366 658 quae
1391 607 1492 646 sunt

146 666 368 721 sequentia
385 665 659 719 <praenuntio
684 666 747 719 et>
766 664 972 706 saceidoti
998 678 1091 705 meo
1117 678 1192 718 per
1217 664 1402 717 quietem
1432 663 1491 705 fa-

147 725 293 767 cienda
324 724 547 779 praecipio.
609 738 703 765 meo
742 724 859 765 iussu
897 723 977 764 tibi
1015 722 1234 764 constricti
1264 722 1490 764 comitatus
1510 738 1544 764 ιο

148 784 349 826 decedent
380 783 538 837 populi.
600 798 676 824 nec
713 783 824 824 inter
856 782 1012 823 111131οΞ
1051 781 1326 823 caerimonias
1359 784 1400 822 et
1431 781 1487 822 fe-

147 843 259 885 stiua
291 842 531 897 spectacula
563 842 787 896 quisquam
814 841 1045 882 deformem
1072 841 1198 882 istam
1225 855 1352 895 quam
1378 840 1489 895 geris

146 903 296 944 faciem
328 901 620 956 perhorrescet
644 901 715 942 uel
738 901 919 955 figuram
946 903 1063 941 tuam
1082 902 1255 954 repente
1281 902 1490 940 mutatam

147 962 319 1016 sequius
374 961 676 1014 interpretatus
732 960 885 1013 aliquis
944 959 1128 1014 maligne
1185 958 1489 1000 criminabitur.

146 1021 270 1074 plane
301 1019 546 1061 memineris
578 1022 620 1060 et
650 1019 795 1072 penita
825 1020 965 1059 mente
998 1018 1214 1059 conditum
1240 1032 1406 1072 semper
1430 1019 1488 1058 te·
1510 1031 1543 1059 15

147 1079 267 1120 nebis
299 1078 407 1119 mihi
439 1078 602 1132 reliqua
638 1077 753 1118 uitae
784 1080 882 1118 tuae
923 1076 1131 1118 curricula
1163 1076 1215 1117 ad
1245 1091 1379 1130 usque
1410 1079 1491 1118 ter-

147 1138 285 1179 minos
317 1137 458 1178 ultimi
490 1137 665 1191 spiritus
695 1136 859 1177 uadata.
921 1150 997 1177 nec
1028 1135 1242 1189 iniurium,
1272 1135 1392 1176 cuius
1422 1135 1491 1176 be-

147 1197 298 1238 neficio
324 1197 500 1238 redieris
526 1196 578 1236 ad
602 1195 796 1237 homines
823 1195 862 1236 ei
886 1197 1026 1236 totum
1053 1194 1203 1236 debere
1228 1194 1340 1248 quod
1358 1194 1490 1235 uiues.

147 1257 268 1298 uiues
301 1259 442 1297 autem
473 1256 641 1308 beatus,
678 1255 798 1295 uiues
831 1255 875 1295 in
905 1269 999 1294 mea
1036 1253 1169 1294 tutela
1207 1253 1418 1307 gloriosus
1450 1255 1493 1294 et

149 1331 244 1357 cum
277 1330 367 1369 spa·
406 1315 463 1369 [p.
484 1315 580 1355 209.
600 1314 669 1368 E]
708 1313 816 1354 tium
857 1312 1013 1354 saeculi
1053 1313 1118 1354 tui
1152 1326 1398 1366 permensus
1439 1312 1493 1353 ad
1511 1327 1546 1353 20
1587 1320 1591 1337 ‘³

148 1375 306 1416 inferos
339 1374 556 1427 demearis,
589 1373 648 1414 ibi
681 1387 848 1427 quoque
881 1372 925 1413 111
950 1372 1043 1426 ipso
1070 1371 1343 1413 subterraneo
1371 1371 1491 1412 semi-

149 1434 333 1475 rutundo
365 1448 432 1474 me
465 1448 592 1487 quam
622 1431 783 1473 uidebis
814 1431 1070 1472 Acherontis
1101 1430 1288 1471 tenebris
1320 1429 1491 1471 interlu-

150 1496 313 1534 centem
365 1491 611 1547 Stygiisque
659 1490 948 1545 penetralibus
997 1492 1266 1544 regnantem,
1322 1503 1492 1543 campos

148 1552 321 1606 Elysios
353 1552 540 1592 incolens
572 1551 662 1605 ipse
693 1550 774 1590 tibi
803 1549 1033 1604 propitiam
1060 1548 1259 1603 frequens
1286 1548 1491 1589 adorabis.

150 1611 263 1665 quod
300 1611 336 1651 si
375 1610 531 1652 sedulis
574 1609 789 1663 obsequiis
831 1611 873 1649 et
912 1607 1123 1662 religiosis
1161 1607 1410 1648 ministeriis
1450 1609 1494 1648 et
1511 1622 1546 1648 25
1579 1654 1580 1657 Ἴ

149 1670 368 1711 tenacibus
390 1669 651 1710 castimoniis
672 1683 829 1709 numen
850 1670 1044 1708 nostrum
1064 1666 1359 1721 promerueris,
1386 1666 1492 1707 scies

150 1729 263 1770 ultra
294 1731 455 1770 statuta
484 1729 572 1769 fato
604 1731 679 1769 tuo
712 1727 849 1781 spatia
880 1727 1015 1767 uitam
1048 1740 1216 1780 quoque
1244 1725 1325 1766 tibi
1349 1739 1492 1780 proro-

151 1802 249 1843 gare
281 1788 387 1829 mihi
419 1791 585 1829 tantum
616 1787 753 1828 licere.

1567 1719 1580 1753 .!

247 1932 264 1961 1
298 1913 498 1962 coharente
530 1927 557 1960 F
662 1931 680 1960 2
713 1925 871 1960 turbelis
902 1925 1033 1970 scripsi
1074 1923 1236 1958 turbulis
1269 1923 1346 1958 cdd.
1373 1923 1417 1966 ef.
1445 1924 1494 1957 acl

152 1979 229 2009 251.
241 1979 260 2008 2
276 1976 320 2020 (h.
330 1977 372 2020 e)
439 1974 629 2009 continare
643 1975 774 2018 scripsi
787 1974 831 2017 cf.
841 1973 890 2008 ad
904 1976 958 2007 20.
970 1976 986 2006 1
1003 1973 1049 2017 (h.
1058 1974 1099 2016 e.)
1120 1969 1491 2014 continuarquer.

152 2049 172 2080 3
197 2057 320 2080 meam
339 2046 476 2092 (mea)
500 2045 590 2080 Oud.
611 2046 656 2088 cf.
672 2047 810 2078 210.15
843 2054 927 2077 mea
951 2043 1016 2087 an
1049 2053 1132 2076 mea
1157 2042 1197 2075 E.
1271 2025 1439 2074 uolentia
1465 2040 1493 2074 F

151 2093 320 2128 uolentia
346 2107 373 2137 φ
473 2096 490 2126 7
518 2103 645 2126 earum
671 2091 875 2127 Scriuerms
918 2100 1085 2124 mearum
1109 2089 1186 2124 cdd.
1284 2091 1304 2121 8
1331 2087 1403 2122 tibi
1428 2087 1492 2132 Faep

150 2140 205 2174 ibi
225 2141 264 2175 Ε
333 2143 365 2174 8.
381 2144 400 2174 9
422 2150 517 2183 quae
534 2138 804 2193 subsequentia
824 2137 1010 2172 sacerdoti
1032 2138 1054 2171 ὃ
1120 2140 1140 2170 9
1161 2134 1412 2181 <praenuntio
1426 2135 1492 2182 et>
1555 2169 1559 2174 ,

151 2187 374 2232 praenuntio
400 2188 539 2222 mserui
558 2188 647 2231 ipsa
675 2188 713 2220 et
738 2197 806 2220 ms.
828 2185 918 2220 Koa.
939 2185 1010 2220 Stil
1024 2196 1062 2229 p
1080 2187 1145 2217 143
1172 2187 1204 2217 et
1224 2183 1315 2217 Abh.
1337 2194 1377 2227 p.
1391 2185 1435 2215 33
1461 2186 1495 2217 et

152 2258 302 2301 AdnA't‘
324 2259 410 2293 sunt
424 2259 472 2303 (8)
495 2270 560 2293 om.
576 2271 602 2302 φ
665 2261 707 2291 21
731 2241 888 2291 demeris
915 2268 942 2299 φ
1029 2257 1084 2289 21.
1101 2257 1144 2287 22
1165 2252 1420 2288 semirutundo
1446 2251 1494 2286 F¹

152 2333 195 2364 22
223 2329 369 2364 uidebis
394 2330 525 2374 scripsi
567 2328 673 2363 uides
698 2328 776 2363 cdd.
863 2329 908 2361 24
934 2324 1059 2360 elisios
1086 2324 1113 2358 F
1212 2328 1255 2359 25
1281 2301 1437 2368 rssgiosis
1463 2322 1492 2356 F
