1591 2556
103 83 160 125 36
180 124 183 127 .
680 84 809 118 LIBRI
833 84 867 118 Π

96 180 461 221 nobilissimorum
487 180 687 221 iuuenum
717 195 863 234 pacem
887 180 1101 234 publicam
1129 180 1312 222 infestat.
1350 195 1442 235 pas-

98 240 178 280 sim
213 239 446 280 trucidatos
485 254 560 293 per
591 240 750 281 medias
783 239 944 293 plateas
982 239 1146 280 uidebis
1179 239 1331 293 iacere,
1366 254 1444 281 nec

98 297 303 352 praesidis
324 297 482 339 auxilia
508 298 741 353 longinqua
772 298 912 339 leuare
939 299 1156 339 ciuitatem
1183 301 1302 339 tanta
1327 297 1443 340 clade

97 359 287 411 possunt.
320 357 399 398 tibi
419 371 520 398 uero
543 358 737 398 fortunae
758 357 956 411 splendor
969 358 1156 412 insidias,
1175 360 1442 411 contemptus

100 416 227 457 etiam
260 416 614 470 peregrinationis
646 416 927 469 <pei-iculum>
958 416 1116 470 poterit
1147 416 1336 457 adferre?

190 474 238 516 eF
242 490 289 516 ac
310 476 400 516 sine
421 475 536 516 cura'
556 476 730 529 inquam
751 474 837 529 esis⁷
862 474 980 516 Fotis
1007 490 1109 516 mea.
1154 490 1251 516 nam
1277 478 1444 529 praeter

101 534 214 588 quod
239 534 376 588 epulis
403 534 551 575 alienis
578 533 821 587 uoluptates
846 548 962 574 meas
989 535 1251 588 anteferrem,
1282 536 1443 575 metum

101 594 228 634 etiam
270 593 401 633 istum
442 593 522 633 tibi
563 593 728 633 demam
767 595 981 633 maturata
1019 594 1294 648 regressione.
1366 608 1443 634 nec

98 655 241 693 tamen
282 651 555 693 incomitatus
597 652 678 692 ibo.
749 666 847 692 nam
889 651 1073 706 gladiolo
1115 652 1240 693 solito
1279 653 1443 694 cinctus

99 711 349 752 altrinsecus
382 711 472 765 ipse
503 710 652 752 salutis
686 725 802 751 meae
834 711 1044 764 praesidia
1076 711 1280 766 gestabo.'

188 768 258 811 Sic
288 773 463 824 paratus
496 784 620 811 cenae
652 785 718 811 me
751 770 984 811 committo.

184 827 366 870 XVIIII.
418 828 634 883 Frequens
660 829 719 869 ibi
744 844 944 870 numerus
971 829 1201 883 epulonum
1227 831 1269 870 et
1292 831 1442 883 utpote

98 888 210 942 apud
240 888 466 942 primatem
498 889 698 929 feminam
730 888 808 929 flos
841 888 931 942 ipse
964 888 1163 929 ciuitatis.
1225 889 1442 942 (mensae)

98 947 292 1001 opipares
325 948 431 988 citro
464 950 506 988 et
538 947 662 988 ebore
695 948 896 1000 nitentes,
934 947 1033 989 lecti
1073 947 1210 989 aureis
1249 947 1441 989 uestibus

97 1006 262 1060 intecti,
300 1006 431 1060 ampli
464 1006 612 1047 calices
651 1006 792 1047 uariae
831 1006 1001 1060 quidem
1039 1007 1199 1061 gratiae
1240 1007 1314 1048 sed
1350 1022 1440 1060 pre-

97 1065 301 1106 tiositatis
333 1066 470 1107 unius.
532 1065 601 1106 hic
633 1065 793 1106 uitrum
825 1065 942 1106 fabre
975 1065 1227 1120 sigillatum,
1259 1066 1319 1107 ibi
1351 1080 1442 1107 cru-

99 1124 272 1165 stallum
304 1123 573 1178 inpunctum,
614 1127 837 1179 argentum
870 1124 971 1165 alibi.
1009 1125 1168 1165 clarum
1210 1127 1251 1166 et
1292 1139 1441 1166 aurum

98 1183 321 1238 fulgurans
363 1186 405 1224 et
442 1184 635 1224 sucinum
672 1183 777 1224 mire
819 1186 1015 1224 cauatum
1056 1186 1098 1225 et
1134 1184 1294 1237 lapides
1335 1185 1442 1226 unde

98 1243 220 1283 bibas
252 1245 295 1283 et
327 1242 529 1297 quicquid
559 1243 652 1284 fieri
683 1242 842 1296 <potest
871 1244 934 1296 et>
971 1257 1055 1284 non
1087 1245 1228 1297 potest
1268 1242 1328 1283 ibi
1365 1245 1440 1284 est.

99 1301 342 1342 diribitores
386 1301 571 1355 plusculi
615 1301 832 1356 splendide
877 1302 1020 1343 amicti
1063 1301 1222 1343 fercula
1271 1302 1442 1356 copiosa
1461 1319 1476 1343 2

99 1360 250 1402 scitule
265 1361 599 1414 subministrare,
612 1361 731 1415 pueri
747 1361 1021 1402 calamistrati
1035 1361 1210 1415 pulchre
1228 1360 1285 1415 [p.
1295 1360 1439 1416 30.E.]

99 1420 301 1460 indusiati
333 1433 520 1474 gemmas
552 1420 754 1461 formatas
786 1420 830 1460 in
861 1420 1013 1473 pocula
1043 1420 1134 1461 uini
1170 1420 1331 1461 uetusti
1361 1420 1440 1461 fre-

100 1481 277 1532 quenter
308 1479 467 1519 offerre.
528 1478 611 1519 iam
644 1479 787 1519 inlatis
819 1479 1052 1520 luminibus
1085 1478 1269 1533 epularis
1301 1494 1438 1520 sermo

98 1537 379 1591 percrebruit,
420 1538 503 1578 iam
534 1537 645 1579 risus
678 1538 855 1578 affluens
889 1541 929 1578 et
961 1538 1043 1579 ioci
1073 1538 1268 1579 liberales
1303 1540 1345 1580 et
1376 1553 1439 1579 ca-

99 1597 228 1638 uillus
260 1596 359 1637 hinc
391 1596 498 1651 inde,
530 1610 623 1638 cum
656 1596 750 1637 infit
782 1597 834 1637 ad
864 1611 930 1638 me
962 1597 1208 1650 Byrrhaena

189 1655 341 1705 ‘Quam
374 1656 591 1697 commode
622 1656 804 1697 uersaris
843 1656 886 1696 in
924 1659 1069 1697 nostra
1105 1656 1271 1710 patria?
1328 1656 1441 1710 quod

100 1715 229 1756 sciam
244 1714 414 1769 templis
429 1718 471 1756 et
483 1714 663 1756 lauacris
685 1718 725 1756 et
746 1715 895 1756 ceteris
911 1715 1108 1769 operibus
1122 1715 1247 1770 longe
1267 1718 1440 1757 cunctas

197 1893 215 1923 1
237 1889 392 1924 infestat
410 1890 499 1925 Oud.
526 1890 665 1924 infecta
684 1890 747 1934 Fcp
768 1891 812 1933 cf.
824 1894 948 1934 25.12;
964 1893 1072 1925 2725
1146 1894 1166 1925 5
1182 1889 1441 1937 (periculum)

101 1938 240 1972 inserui
271 1939 524 1981 contemptum
556 1937 672 1971 etiam
696 1937 947 1982 peregrinatio
974 1938 1149 1973 Pricaeus
1268 1940 1288 1971 8
1320 1939 1440 1972 matu-

100 1985 206 2019 rante
232 1984 278 2017 F¹
304 1985 440 2019 Petsch.
472 1985 661 2018 maturata
687 1998 714 2029 φ
748 1986 877 2029 (altera
903 1996 925 2019 a
957 1986 997 2019 in
1021 1987 1106 2029 ras.)
1189 1989 1208 2019 9
1241 1984 1361 2019 cintus
1394 1985 1440 2029 ςρ1

103 2035 146 2065 13
182 2031 387 2077 (mensae)
424 2033 528 2066 inser.
557 2032 680 2066 Rohde
801 2031 985 2079 ciuitatise
1012 2032 1039 2066 F
1077 2034 1110 2078 (e
1142 2036 1192 2067 est
1225 2043 1344 2075 erasa,
1380 2033 1441 2067 sed

101 2089 177 2113 ‘non
201 2082 367 2122 prorsus)
401 2078 567 2112 ciuitatis
594 2078 765 2123 opipares
792 2092 819 2123 φ
865 2091 893 2114 c.
921 2081 959 2114 et
984 2090 1016 2114 o.
1043 2080 1066 2113 ὃ
1180 2082 1223 2113 14
1258 2078 1350 2113 citro
1376 2079 1440 2124 Έφ

103 2124 178 2159 cibi
206 2125 299 2170 avg
386 2129 428 2159 18
460 2125 557 2159 unde
582 2127 712 2169 scripsi
742 2127 784 2160 ut
808 2128 886 2161 cdd.
970 2129 1011 2160 19
1037 2126 1188 2171 <potest
1213 2125 1278 2173 et>
1305 2127 1444 2161 inserui

104 2177 147 2207 21
174 2172 456 2216 subministrare
477 2174 581 2218 (corr.
598 2185 642 2206 m.
658 2174 701 2216 r.)
723 2186 750 2216 φ
777 2173 1100 2208 subministrantes
1120 2178 1153 2208 et
1171 2174 1274 2216 ‘infra
1299 2175 1367 2217 (36.
1384 2175 1442 2218 ²23)

105 2219 299 2254 offerentes
325 2220 419 2264 §vg
493 2224 536 2253 22
562 2230 707 2264 gemma
732 2220 814 2264 F¹q>
887 2220 1065 2255 formatas
1092 2220 1296 2265 simpocula
1322 2234 1349 2264 φ
1375 2220 1442 2265 (im

104 2278 147 2301 em
177 2266 217 2301 in
247 2278 335 2303 corr.
363 2279 407 2301 m.
433 2267 476 2311 rr.)
598 2271 642 2300 24
672 2267 882 2311 percrebuit
916 2268 998 2312 Fq>¹
1094 2267 1247 2302 affluens
1279 2267 1361 2312 F11p
1393 2268 1440 2311 cf.

105 2317 159 2348 38.
176 2319 196 2349 6
294 2318 338 2349 25
364 2325 446 2348 cum
473 2314 588 2350 Kron.
615 2315 692 2350 coll.
719 2319 750 2349 4.
766 2318 810 2349 ‘29
854 2316 934 2349 tum
958 2315 1035 2350 cdd.
1068 2314 1271 2349 inde.tum
1296 2314 1336 2350 E.

1462 433 1478 459 5

1463 728 1497 753 10

1462 1022 1495 1048 15
