1591 2556
554 87 655 122 CAP.
682 87 985 121 ΧΧΠΙ-ΧΧΠΠ
1361 89 1415 129 27
1425 90 1445 129 1

99 199 270 226 necesse
291 187 364 226 est.
410 198 510 239 ergo
531 183 645 238 quod
665 182 802 224 solum
822 185 964 237 potest
984 183 1074 224 sine
1094 184 1260 237 piaculo
1283 185 1334 225 ad
1353 200 1447 239 pro-

100 244 296 285 fanorum
316 242 629 297 intellegentias
650 242 862 283 enuntiari
881 242 1071 283 referam.
1116 242 1295 283 XXIIII.
1324 259 1447 285 mane

99 303 259 344 factum
292 306 356 343 est
387 304 428 342 et
458 301 658 355 perfectis
697 301 974 342 sollemnibus
1005 301 1193 355 processi
1225 302 1445 343 duodecim

101 363 276 403 sacratis
314 361 434 402 stolis
472 360 658 414 <iniectis
694 361 914 414 stipatus),
954 360 1104 401 habitu
1143 361 1313 414 quidem
1351 362 1444 402 reli-

63 439 79 463 5
100 422 221 487 gioso
253 420 374 473 satis,
412 419 485 460 sed
522 419 641 460 effari
673 419 722 460 de
755 433 802 460 eo
840 419 958 460 nullo
997 419 1167 460 uinculo
1206 419 1446 474 prohibeor,

99 480 255 534 quippe
287 478 400 533 quod
436 481 538 520 tunc
570 478 773 532 temporis
806 478 949 519 uidere
985 481 1227 532 praesentes
1259 479 1444 545 plurimi.

96 553 277 593 namque
315 538 358 578 in
390 538 483 592 ipso
522 538 635 579 aedis
675 552 815 578 saciae
847 537 1085 579 meditullio
1125 541 1221 578 ante
1260 538 1360 579 deae
1392 539 1444 580 si-

0 605 6 624 ⁸
95 597 331 638 mulacrum
365 596 644 638 constitutum
682 596 870 637 tribunal
906 597 1096 651 ligneum
1129 597 1269 638 iussus
1302 612 1444 651 super-

96 657 200 710 stiti,
231 656 407 710 byssina
440 656 609 710 quidem
642 655 715 696 sed
750 655 897 696 floride
931 656 1098 709 depicta
1129 659 1247 697 ueste
1281 657 1443 710 conspi-

41 734 76 759 10
95 730 209 757 cuus.
272 718 314 756 et
345 716 502 756 umeris
535 714 795 768 dependebat
827 729 936 768 pone
969 717 1137 769 tergum
1170 715 1354 756 talorum
1384 718 1443 757 te-

0 787 6 826 1
94 790 175 816 11118
206 774 393 829 pretiosa
430 773 649 815 chlamida.
712 788 881 828 quaqua
918 776 1059 814 tamen
1090 774 1262 827 uiseres,
1302 774 1442 816 colore

94 834 213 875 uario
234 833 553 874 circumnotatis
574 833 811 887 insignibar
831 833 1102 887 animalibus3
1122 832 1221 874 hinc
1241 833 1442 875 dracones

0 888 6 920 l
94 891 247 946 Indici,
284 892 380 933 inde
412 906 567 947 grypes
598 891 866 945 Hyperborei
899 907 1004 946 quos
1036 892 1080 932 111
1113 892 1295 946 speciem
1328 893 1443 934 alitis

0 971 6 1009 1
93 952 287 1006 pinnatos
318 954 490 1006 generat
522 951 704 991 mundus
737 951 854 992 alter.
904 951 1013 992 lianc
1037 950 1329 1005 Olympiacam
1356 954 1442 992 sto-

39 1030 73 1054 15
93 1011 177 1052 lam
227 1011 381 1051 sacrati
430 1012 686 1064 nuncupant.
761 1012 804 1050 at
853 1025 980 1050 manu
1026 1010 1197 1051 dextera
1241 1010 1440 1064 gerebam

0 1030 6 1101 l
92 1070 274 1111 flammis
294 1069 481 1110 adultam
510 1069 645 1110 facem
672 1072 714 1109 et
739 1072 866 1122 caput
893 1069 1040 1110 decore
1062 1083 1217 1110 corona
1237 1070 1440 1124 cinxerat,

92 1129 255 1183 palmae
289 1129 487 1169 candidae
525 1128 640 1169 foliis
673 1128 716 1168 111
753 1128 926 1168 1110(111111
962 1128 1179 1169 radiorum
1210 1129 1439 1182 prosisten-

92 1189 219 1229 tibus.
276 1188 336 1228 sic
367 1188 419 1228 ad
452 1188 586 1228 instar
619 1186 730 1227 Solis
763 1190 965 1228 exornato
999 1190 1041 1227 et
1072 1188 1115 1228 in
1149 1188 1285 1228 uicem
1312 1188 1440 1229 simu-

92 1247 196 1288 lacri
246 1247 478 1288 constituto
523 1248 693 1300 repente
743 1246 851 1287 uelis
901 1246 1085 1287 reductis
1130 1246 1173 1286 in
1219 1250 1438 1300 aspectum

39 1325 74 1349 20
92 1305 275 1360 populus
307 1306 518 1347 haerebat.
567 1305 719 1346 exhinc
750 1305 1029 1346 festissimum
1068 1305 1278 1346 celebraui
1323 1309 1440 1346 nata-

91 1365 175 1406 lem
202 1379 417 1406 sacioium
443 1368 485 1406 et
511 1379 662 1405 suaues
684 1364 831 1430 epulae
857 1367 898 1405 et
918 1364 1054 1405 faceta
1080 1365 1287 1405 conuiuia.
1346 1365 1437 1406 dies

92 1424 219 1465 etiam
263 1424 414 1465 tertius
457 1424 549 1478 pali
593 1423 943 1464 caerimoniarum
988 1424 1073 1464 iitu
1118 1423 1352 1465 celebratus
1396 1427 1439 1465 et

91 1483 347 1524 ientaculum
378 1482 625 1537 religiosum
652 1485 693 1523 et
719 1482 871 1523 teletae
897 1482 1090 1537 legitima
1115 1483 1438 1524 consummatio.

90 1543 236 1596 paucis
268 1542 333 1583 de·
366 1542 423 1596 [p.
440 1541 618 1595 221.E.]
650 1541 750 1582 hinc
781 1516 964 1582 ibidemn
971 1544 1256 1582 commoratus
1289 1542 1436 1583 diebus

37 1619 71 1644 25
92 1600 379 1655 inexplicabili
417 1601 637 1654 uoluptate
669 1600 885 1654 <aspectu>
921 1600 1136 1641 simulacri
1175 1601 1309 1641 diuini
1347 1616 1438 1654 per-

91 1660 281 1713 fruebar,
330 1659 676 1700 inremunerabili
727 1660 883 1714 quippe
927 1659 1131 1700 beneficio
1176 1660 1436 1714 pigneratus.

92 1719 165 1760 sed
196 1719 365 1759 tandem
397 1719 496 1760 deae
527 1719 710 1772 monitu,
754 1718 853 1759 licet
896 1733 979 1759 non
1018 1718 1140 1772 plene
1178 1721 1320 1759 tamen
1358 1733 1435 1772 pro

91 1793 184 1819 meo
217 1777 389 1818 modulo
422 1777 641 1831 supplicue
673 1777 823 1832 gratiis
854 1777 1095 1831 persolutis,
1134 1778 1298 1818 tardam
1332 1778 1435 1818 satis

92 1837 397 1878 domuitionem
430 1851 645 1890 comparo,
677 1836 750 1876 uix
783 1836 977 1890 equidem
1009 1836 1200 1890 abruptis
1233 1836 1435 1877 ardentis-

211 2004 231 2034 3
271 1999 538 2044 sollempnibus
578 2012 605 2043 φ
714 2003 736 2033 4
775 1999 932 2033 sacratis
970 2000 1100 2043 scripsi
1150 2001 1316 2033 sacratus
1355 2000 1435 2034 cdd.

93 2046 268 2092 <iniectis
290 2047 479 2092 stipatus>
504 2047 644 2081 inserui
662 2047 708 2089 cf.
724 2049 856 2080 22225
933 2050 973 2080 11
1003 2045 1191 2081 chlamida
1210 2047 1238 2080 F
1264 2048 1308 2089 cf.
1325 2050 1434 2080 201.7

94 2093 291 2138 chlamyda
310 2094 350 2129 E.
421 2098 463 2128 12
483 2093 739 2138 insignibatur
758 2095 781 2127 ὃ
855 2097 966 2127 1314
987 2093 1089 2127 alitis
1109 2093 1284 2138 pinnatos
1305 2094 1435 2137 scripsi

92 2140 267 2185 pinnatos
299 2141 401 2176 alitis
433 2142 559 2176 Rohde
602 2140 780 2185 pinnatae
808 2139 910 2174 alitis
943 2142 1021 2176 cdd.
1048 2141 1089 2175 E.
1189 2144 1231 2174 14
1265 2139 1434 2184 generati

92 2191 220 2233 mzdus
251 2192 315 2234 affl
343 2214 370 2245 φ
398 2201 452 2245 (in
476 2211 544 2245 my.
571 2201 726 2244 generat
750 2198 923 2245 mundus)
1023 2203 1064 2234 18
1102 2200 1321 2233 exornatum
1352 2198 1434 2243 Flcp

93 2273 137 2303 20
151 2269 331 2304 haerebat
348 2271 438 2306 Oud.
460 2271 504 2314 cf.
519 2274 575 2304 44.
589 2274 650 2313 213
672 2273 750 2304 213.
764 2273 808 2304 24
835 2254 966 2305 eiabat
986 2271 1013 2304 F
1040 2270 1189 2304 errabat
1208 2269 1236 2303 E
1313 2273 1354 2302 21
1377 2279 1435 2303 sa-

94 2328 195 2351 crum
221 2317 345 2353 Rohde
443 2323 484 2353 25
514 2317 723 2365 <aspectu>
753 2318 890 2353 inserui
